%YAML 1.1
%TAG !u! tag:unity3d.com,2011:
--- !u!1 &951536630548542428
GameObject:
  m_ObjectHideFlags: 0
  m_CorrespondingSourceObject: {fileID: 0}
  m_PrefabInstance: {fileID: 0}
  m_PrefabAsset: {fileID: 0}
  serializedVersion: 6
  m_Component:
  - component: {fileID: 1646860547455560372}
  - component: {fileID: 7845379667664551342}
  - component: {fileID: 1907959259941294703}
  m_Layer: 9
  m_Name: Right
  m_TagString: Untagged
  m_Icon: {fileID: 0}
  m_NavMeshLayer: 0
  m_StaticEditorFlags: 0
  m_IsActive: 1
--- !u!4 &1646860547455560372
Transform:
  m_ObjectHideFlags: 0
  m_CorrespondingSourceObject: {fileID: 0}
  m_PrefabInstance: {fileID: 0}
  m_PrefabAsset: {fileID: 0}
  m_GameObject: {fileID: 951536630548542428}
  m_LocalRotation: {x: 0, y: 0, z: 0, w: 1}
  m_LocalPosition: {x: 2.25, y: -0.49, z: 0}
  m_LocalScale: {x: 1, y: 1, z: 1}
  m_Children: []
  m_Father: {fileID: 7092330849264855950}
  m_RootOrder: 3
  m_LocalEulerAnglesHint: {x: 0, y: 0, z: 0}
--- !u!212 &7845379667664551342
SpriteRenderer:
  m_ObjectHideFlags: 0
  m_CorrespondingSourceObject: {fileID: 0}
  m_PrefabInstance: {fileID: 0}
  m_PrefabAsset: {fileID: 0}
  m_GameObject: {fileID: 951536630548542428}
  m_Enabled: 1
  m_CastShadows: 0
  m_ReceiveShadows: 0
  m_DynamicOccludee: 1
  m_MotionVectors: 1
  m_LightProbeUsage: 1
  m_ReflectionProbeUsage: 1
  m_RayTracingMode: 0
  m_RenderingLayerMask: 1
  m_RendererPriority: 0
  m_Materials:
  - {fileID: 2100000, guid: a97c105638bdf8b4a8650670310a4cd3, type: 2}
  m_StaticBatchInfo:
    firstSubMesh: 0
    subMeshCount: 0
  m_StaticBatchRoot: {fileID: 0}
  m_ProbeAnchor: {fileID: 0}
  m_LightProbeVolumeOverride: {fileID: 0}
  m_ScaleInLightmap: 1
  m_ReceiveGI: 1
  m_PreserveUVs: 0
  m_IgnoreNormalsForChartDetection: 0
  m_ImportantGI: 0
  m_StitchLightmapSeams: 1
  m_SelectedEditorRenderState: 0
  m_MinimumChartSize: 4
  m_AutoUVMaxDistance: 0.5
  m_AutoUVMaxAngle: 89
  m_LightmapParameters: {fileID: 0}
  m_SortingLayerID: 0
  m_SortingLayer: 0
  m_SortingOrder: 1
  m_Sprite: {fileID: 21300000, guid: a0eefb93da5e9d240becd9485837c685, type: 3}
  m_Color: {r: 1, g: 1, b: 1, a: 1}
  m_FlipX: 1
  m_FlipY: 0
  m_DrawMode: 0
  m_Size: {x: 4.68, y: 9.06}
  m_AdaptiveModeThreshold: 0.5
  m_SpriteTileMode: 0
  m_WasSpriteAssigned: 1
  m_MaskInteraction: 0
  m_SpriteSortPoint: 0
--- !u!61 &1907959259941294703
BoxCollider2D:
  m_ObjectHideFlags: 0
  m_CorrespondingSourceObject: {fileID: 0}
  m_PrefabInstance: {fileID: 0}
  m_PrefabAsset: {fileID: 0}
  m_GameObject: {fileID: 951536630548542428}
  m_Enabled: 1
  m_Density: 1
  m_Material: {fileID: 0}
  m_IsTrigger: 0
  m_UsedByEffector: 0
  m_UsedByComposite: 0
  m_Offset: {x: 2.2129824, y: 1.0856075}
  m_SpriteTilingProperty:
    border: {x: 0, y: 0, z: 0, w: 0}
    pivot: {x: 0.5, y: 0.5}
    oldSize: {x: 4.68, y: 9.06}
    newSize: {x: 4.68, y: 9.06}
    adaptiveTilingThreshold: 0.5
    drawMode: 0
    adaptiveTiling: 0
  m_AutoTiling: 0
  serializedVersion: 2
  m_Size: {x: 9.105963, y: 11.231216}
  m_EdgeRadius: 0
--- !u!1 &2724620551791216278
GameObject:
  m_ObjectHideFlags: 0
  m_CorrespondingSourceObject: {fileID: 0}
  m_PrefabInstance: {fileID: 0}
  m_PrefabAsset: {fileID: 0}
  serializedVersion: 6
  m_Component:
  - component: {fileID: 7029095665301929288}
  - component: {fileID: 6144254621976359182}
  - component: {fileID: 7716609244015161966}
  - component: {fileID: 2585926007631753525}
  - component: {fileID: 2948242144946968857}
  - component: {fileID: 8972559598191245240}
  - component: {fileID: 4644842855686840768}
  - component: {fileID: 5419131533048676759}
  - component: {fileID: 7935475816517515818}
  - component: {fileID: 1150687561815842329}
  m_Layer: 9
  m_Name: Interactable
  m_TagString: Untagged
  m_Icon: {fileID: 0}
  m_NavMeshLayer: 0
  m_StaticEditorFlags: 0
  m_IsActive: 0
--- !u!4 &7029095665301929288
Transform:
  m_ObjectHideFlags: 0
  m_CorrespondingSourceObject: {fileID: 0}
  m_PrefabInstance: {fileID: 0}
  m_PrefabAsset: {fileID: 0}
  m_GameObject: {fileID: 2724620551791216278}
  m_LocalRotation: {x: 0, y: 0, z: 0, w: 1}
  m_LocalPosition: {x: 0, y: 0, z: 0}
  m_LocalScale: {x: 1, y: 1, z: 1}
  m_Children: []
  m_Father: {fileID: 7092330849264855950}
  m_RootOrder: 1
  m_LocalEulerAnglesHint: {x: 0, y: 0, z: 0}
--- !u!58 &6144254621976359182
CircleCollider2D:
  m_ObjectHideFlags: 0
  m_CorrespondingSourceObject: {fileID: 0}
  m_PrefabInstance: {fileID: 0}
  m_PrefabAsset: {fileID: 0}
  m_GameObject: {fileID: 2724620551791216278}
  m_Enabled: 1
  m_Density: 1
  m_Material: {fileID: 0}
  m_IsTrigger: 1
  m_UsedByEffector: 0
  m_UsedByComposite: 0
  m_Offset: {x: 0, y: 0}
  serializedVersion: 2
  m_Radius: 6
--- !u!114 &7716609244015161966
MonoBehaviour:
  m_ObjectHideFlags: 0
  m_CorrespondingSourceObject: {fileID: 0}
  m_PrefabInstance: {fileID: 0}
  m_PrefabAsset: {fileID: 0}
  m_GameObject: {fileID: 2724620551791216278}
  m_Enabled: 1
  m_EditorHideFlags: 0
  m_Script: {fileID: 11500000, guid: 818329965ba0a4a46b18e94ecddb6c84, type: 3}
  m_Name: 
  m_EditorClassIdentifier: 
  Trigger: {fileID: 2585926007631753525}
--- !u!114 &2585926007631753525
MonoBehaviour:
  m_ObjectHideFlags: 0
  m_CorrespondingSourceObject: {fileID: 0}
  m_PrefabInstance: {fileID: 0}
  m_PrefabAsset: {fileID: 0}
  m_GameObject: {fileID: 2724620551791216278}
  m_Enabled: 1
  m_EditorHideFlags: 0
  m_Script: {fileID: 11500000, guid: 672f0db87c4f23541b038e240e7bbb57, type: 3}
  m_Name: 
  m_EditorClassIdentifier: 
  showTriggerInterface: 0
  IsDisabled: 0
  name: 
  MaxActivationTimes: 0
  EventSource: {fileID: 0}
  StringParameter: 
  FloatParameter: 0
  ignoreDisabled: 0
  inventory: {fileID: 11400000, guid: ae4865742e5cdf549a57277161901ba4, type: 2}
  items:
  - Name: BronceKey
    Amount: 1
    Tier: 0
  IfTrue: {fileID: 4644842855686840768}
  IfFalse: {fileID: 2948242144946968857}
--- !u!114 &2948242144946968857
MonoBehaviour:
  m_ObjectHideFlags: 0
  m_CorrespondingSourceObject: {fileID: 0}
  m_PrefabInstance: {fileID: 0}
  m_PrefabAsset: {fileID: 0}
  m_GameObject: {fileID: 2724620551791216278}
  m_Enabled: 1
  m_EditorHideFlags: 0
  m_Script: {fileID: 11500000, guid: a6a2adb0c6fef8644aa32db61c0841ac, type: 3}
  m_Name: 
  m_EditorClassIdentifier: 
  showTriggerInterface: 0
  IsDisabled: 0
  name: 
  MaxActivationTimes: 0
  EventSource: {fileID: 0}
  StringParameter: 
  FloatParameter: 0
  ignoreDisabled: 0
  showAmethyst_MonologueTrigger: 1
  I18nFolder: Dungeon
  I18nName: BlockedDoor
  callback: {fileID: 8972559598191245240}
--- !u!114 &8972559598191245240
MonoBehaviour:
  m_ObjectHideFlags: 0
  m_CorrespondingSourceObject: {fileID: 0}
  m_PrefabInstance: {fileID: 0}
  m_PrefabAsset: {fileID: 0}
  m_GameObject: {fileID: 2724620551791216278}
  m_Enabled: 1
  m_EditorHideFlags: 0
  m_Script: {fileID: 11500000, guid: 280ba86b3cc4c0a4ba305f167795bbb0, type: 3}
  m_Name: 
  m_EditorClassIdentifier: 
  showTriggerInterface: 0
  IsDisabled: 0
  name: Close Dialog
  MaxActivationTimes: 0
  EventSource: {fileID: 0}
  StringParameter: 
  FloatParameter: 0
  ignoreDisabled: 0
--- !u!114 &4644842855686840768
MonoBehaviour:
  m_ObjectHideFlags: 0
  m_CorrespondingSourceObject: {fileID: 0}
  m_PrefabInstance: {fileID: 0}
  m_PrefabAsset: {fileID: 0}
  m_GameObject: {fileID: 2724620551791216278}
  m_Enabled: 1
  m_EditorHideFlags: 0
  m_Script: {fileID: 11500000, guid: 107eb833122e64684bdb683e0452051f, type: 3}
  m_Name: 
  m_EditorClassIdentifier: 
  showTriggerInterface: 1
  IsDisabled: 0
  name: 
  MaxActivationTimes: 0
  EventSource: {fileID: 0}
  StringParameter: 
  FloatParameter: 0
  ignoreDisabled: 0
  showGroupTrigger: 1
  Triggers:
  - {fileID: 5419131533048676759}
  - {fileID: 7935475816517515818}
  - {fileID: 1150687561815842329}
--- !u!114 &5419131533048676759
MonoBehaviour:
  m_ObjectHideFlags: 0
  m_CorrespondingSourceObject: {fileID: 0}
  m_PrefabInstance: {fileID: 0}
  m_PrefabAsset: {fileID: 0}
  m_GameObject: {fileID: 2724620551791216278}
  m_Enabled: 1
  m_EditorHideFlags: 0
  m_Script: {fileID: 11500000, guid: 6b926dbbd6434674cb4e6fb43104e023, type: 3}
  m_Name: 
  m_EditorClassIdentifier: 
  showTriggerInterface: 0
  IsDisabled: 0
  name: Retira la llave
  MaxActivationTimes: 0
  EventSource: {fileID: 0}
  StringParameter: 
  FloatParameter: 0
  ignoreDisabled: 0
  inventory: {fileID: 11400000, guid: ae4865742e5cdf549a57277161901ba4, type: 2}
  Item: BronceKey
  Amount: -1
--- !u!114 &7935475816517515818
MonoBehaviour:
  m_ObjectHideFlags: 0
  m_CorrespondingSourceObject: {fileID: 0}
  m_PrefabInstance: {fileID: 0}
  m_PrefabAsset: {fileID: 0}
  m_GameObject: {fileID: 2724620551791216278}
  m_Enabled: 1
  m_EditorHideFlags: 0
  m_Script: {fileID: 11500000, guid: 2f28fed32cf3840a495dada75f80e7e5, type: 3}
  m_Name: 
  m_EditorClassIdentifier: 
  showTriggerInterface: 0
  IsDisabled: 0
  name: 
  MaxActivationTimes: 0
  EventSource: {fileID: 0}
  StringParameter: 
  FloatParameter: 0
  ignoreDisabled: 0
  showAnimationParameterTrigger: 1
  Animator: {fileID: 6774928992008443339}
  Type: 3
  ParameterName: Open
  FloatValue: 0
  IntegerValue: 0
  BoolValue: 0
--- !u!114 &1150687561815842329
MonoBehaviour:
  m_ObjectHideFlags: 0
  m_CorrespondingSourceObject: {fileID: 0}
  m_PrefabInstance: {fileID: 0}
  m_PrefabAsset: {fileID: 0}
  m_GameObject: {fileID: 2724620551791216278}
  m_Enabled: 1
  m_EditorHideFlags: 0
  m_Script: {fileID: 11500000, guid: 0bf3ee2809aab466e8804d5df409ef9e, type: 3}
  m_Name: 
  m_EditorClassIdentifier: 
  showTriggerInterface: 0
  IsDisabled: 0
  name: Destruye el interactuable
  MaxActivationTimes: 0
  EventSource: {fileID: 0}
  StringParameter: 
  FloatParameter: 0
  ignoreDisabled: 0
  TheObject: {fileID: 2724620551791216278}
  OnlyTarget: 0
--- !u!1 &5155293125531078926
GameObject:
  m_ObjectHideFlags: 0
  m_CorrespondingSourceObject: {fileID: 0}
  m_PrefabInstance: {fileID: 0}
  m_PrefabAsset: {fileID: 0}
  serializedVersion: 6
  m_Component:
  - component: {fileID: 7092330849264855950}
  - component: {fileID: 4490455233262975131}
  - component: {fileID: 5198018354248033590}
  - component: {fileID: 1217841241584643215}
  - component: {fileID: 8474560831150745661}
  - component: {fileID: 7203010064793460988}
  - component: {fileID: 3439983947385722848}
  - component: {fileID: 4964300719555726897}
  - component: {fileID: 608539315081688805}
  - component: {fileID: 6774928992008443339}
  - component: {fileID: 493421269216109215}
  - component: {fileID: 3206264549240610211}
  m_Layer: 0
  m_Name: BronceDoor
  m_TagString: Untagged
  m_Icon: {fileID: 0}
  m_NavMeshLayer: 0
  m_StaticEditorFlags: 0
  m_IsActive: 1
--- !u!4 &7092330849264855950
Transform:
  m_ObjectHideFlags: 0
  m_CorrespondingSourceObject: {fileID: 0}
  m_PrefabInstance: {fileID: 0}
  m_PrefabAsset: {fileID: 0}
  m_GameObject: {fileID: 5155293125531078926}
  m_LocalRotation: {x: 0, y: 0, z: 0, w: 1}
  m_LocalPosition: {x: 0, y: 0, z: 0}
  m_LocalScale: {x: 0.5151, y: 0.5151, z: 1.01}
  m_Children:
  - {fileID: 456890084725413663}
  - {fileID: 7029095665301929288}
  - {fileID: 6139627506776031501}
  - {fileID: 1646860547455560372}
  - {fileID: 3857156365821024752}
  m_Father: {fileID: 0}
  m_RootOrder: 0
  m_LocalEulerAnglesHint: {x: 0, y: 0, z: 0}
--- !u!114 &4490455233262975131
MonoBehaviour:
  m_ObjectHideFlags: 0
  m_CorrespondingSourceObject: {fileID: 0}
  m_PrefabInstance: {fileID: 0}
  m_PrefabAsset: {fileID: 0}
  m_GameObject: {fileID: 5155293125531078926}
  m_Enabled: 1
  m_EditorHideFlags: 0
  m_Script: {fileID: 11500000, guid: b0e23f5672a5b4a87972ddc14038ab70, type: 3}
  m_Name: 
  m_EditorClassIdentifier: 
  OnEnter: {fileID: 7203010064793460988}
  EnterAndExitExclusive: 0
  OnExit: {fileID: 4964300719555726897}
  FilterLayer:
    serializedVersion: 2
    m_Bits: 2048
  TargetOnEnter: {fileID: 0}
  TargetOnExit: {fileID: 0}
--- !u!114 &5198018354248033590
MonoBehaviour:
  m_ObjectHideFlags: 0
  m_CorrespondingSourceObject: {fileID: 0}
  m_PrefabInstance: {fileID: 0}
  m_PrefabAsset: {fileID: 0}
  m_GameObject: {fileID: 5155293125531078926}
  m_Enabled: 1
  m_EditorHideFlags: 0
  m_Script: {fileID: 11500000, guid: 5b8e57d7130d1814495abd3ad99f6818, type: 3}
  m_Name: 
  m_EditorClassIdentifier: 
  showTriggerInterface: 1
  IsDisabled: 0
  name: Enable Dialog Interaction
  MaxActivationTimes: 0
  EventSource: {fileID: 0}
  StringParameter: 
  FloatParameter: 0
  ignoreDisabled: 0
  showGenericEventTrigger: 1
  EventName: Change Interact Button
  EventParameter: CauldronNear
  EventNumber: 0
--- !u!114 &1217841241584643215
MonoBehaviour:
  m_ObjectHideFlags: 0
  m_CorrespondingSourceObject: {fileID: 0}
  m_PrefabInstance: {fileID: 0}
  m_PrefabAsset: {fileID: 0}
  m_GameObject: {fileID: 5155293125531078926}
  m_Enabled: 1
  m_EditorHideFlags: 0
  m_Script: {fileID: 11500000, guid: 5b8e57d7130d1814495abd3ad99f6818, type: 3}
  m_Name: 
  m_EditorClassIdentifier: 
  showTriggerInterface: 0
  IsDisabled: 0
  name: Disable Dialog Interaction
  MaxActivationTimes: 0
  EventSource: {fileID: 0}
  StringParameter: 
  FloatParameter: 0
  ignoreDisabled: 0
  showGenericEventTrigger: 1
  EventName: Change Interact Button
  EventParameter: CauldronFar
  EventNumber: 0
--- !u!58 &8474560831150745661
CircleCollider2D:
  m_ObjectHideFlags: 0
  m_CorrespondingSourceObject: {fileID: 0}
  m_PrefabInstance: {fileID: 0}
  m_PrefabAsset: {fileID: 0}
  m_GameObject: {fileID: 5155293125531078926}
  m_Enabled: 1
  m_Density: 1
  m_Material: {fileID: 0}
  m_IsTrigger: 1
  m_UsedByEffector: 0
  m_UsedByComposite: 0
  m_Offset: {x: 0, y: 0}
  serializedVersion: 2
  m_Radius: 9
--- !u!114 &7203010064793460988
MonoBehaviour:
  m_ObjectHideFlags: 0
  m_CorrespondingSourceObject: {fileID: 0}
  m_PrefabInstance: {fileID: 0}
  m_PrefabAsset: {fileID: 0}
  m_GameObject: {fileID: 5155293125531078926}
  m_Enabled: 1
  m_EditorHideFlags: 0
  m_Script: {fileID: 11500000, guid: 107eb833122e64684bdb683e0452051f, type: 3}
  m_Name: 
  m_EditorClassIdentifier: 
  showTriggerInterface: 1
  IsDisabled: 0
  name: Enable Dialog Interaction
  MaxActivationTimes: 0
  EventSource: {fileID: 0}
  StringParameter: 
  FloatParameter: 0
  ignoreDisabled: 0
  showGroupTrigger: 1
  Triggers:
  - {fileID: 5198018354248033590}
  - {fileID: 3439983947385722848}
--- !u!114 &3439983947385722848
MonoBehaviour:
  m_ObjectHideFlags: 0
  m_CorrespondingSourceObject: {fileID: 0}
  m_PrefabInstance: {fileID: 0}
  m_PrefabAsset: {fileID: 0}
  m_GameObject: {fileID: 5155293125531078926}
  m_Enabled: 1
  m_EditorHideFlags: 0
  m_Script: {fileID: 11500000, guid: b6f67d5f48ac246f080530d32eef6a4b, type: 3}
  m_Name: 
  m_EditorClassIdentifier: 
  showTriggerInterface: 0
  IsDisabled: 0
  name: Enable Interactable
  MaxActivationTimes: 0
  EventSource: {fileID: 0}
  StringParameter: 
  FloatParameter: 0
  ignoreDisabled: 0
  TheObject: {fileID: 2724620551791216278}
--- !u!114 &4964300719555726897
MonoBehaviour:
  m_ObjectHideFlags: 0
  m_CorrespondingSourceObject: {fileID: 0}
  m_PrefabInstance: {fileID: 0}
  m_PrefabAsset: {fileID: 0}
  m_GameObject: {fileID: 5155293125531078926}
  m_Enabled: 1
  m_EditorHideFlags: 0
  m_Script: {fileID: 11500000, guid: 107eb833122e64684bdb683e0452051f, type: 3}
  m_Name: 
  m_EditorClassIdentifier: 
  showTriggerInterface: 0
  IsDisabled: 0
  name: Disable Dialog Interaction
  MaxActivationTimes: 0
  EventSource: {fileID: 0}
  StringParameter: 
  FloatParameter: 0
  ignoreDisabled: 0
  showGroupTrigger: 1
  Triggers:
  - {fileID: 1217841241584643215}
  - {fileID: 608539315081688805}
--- !u!114 &608539315081688805
MonoBehaviour:
  m_ObjectHideFlags: 0
  m_CorrespondingSourceObject: {fileID: 0}
  m_PrefabInstance: {fileID: 0}
  m_PrefabAsset: {fileID: 0}
  m_GameObject: {fileID: 5155293125531078926}
  m_Enabled: 1
  m_EditorHideFlags: 0
  m_Script: {fileID: 11500000, guid: dcbaf58032609435f929332858abad14, type: 3}
  m_Name: 
  m_EditorClassIdentifier: 
  showTriggerInterface: 0
  IsDisabled: 0
  name: Disable Interactable
  MaxActivationTimes: 0
  EventSource: {fileID: 0}
  StringParameter: 
  FloatParameter: 0
  ignoreDisabled: 0
  TheObject: {fileID: 2724620551791216278}
--- !u!95 &6774928992008443339
Animator:
  serializedVersion: 3
  m_ObjectHideFlags: 0
  m_CorrespondingSourceObject: {fileID: 0}
  m_PrefabInstance: {fileID: 0}
  m_PrefabAsset: {fileID: 0}
  m_GameObject: {fileID: 5155293125531078926}
  m_Enabled: 1
  m_Avatar: {fileID: 0}
  m_Controller: {fileID: 9100000, guid: 04fd1a516ce9519468bc06034609f075, type: 2}
  m_CullingMode: 0
  m_UpdateMode: 0
  m_ApplyRootMotion: 0
  m_LinearVelocityBlending: 0
  m_WarningMessage: 
  m_HasTransformHierarchy: 1
  m_AllowConstantClipSamplingOptimization: 1
  m_KeepAnimatorControllerStateOnDisable: 0
--- !u!212 &493421269216109215
SpriteRenderer:
  m_ObjectHideFlags: 0
  m_CorrespondingSourceObject: {fileID: 0}
  m_PrefabInstance: {fileID: 0}
  m_PrefabAsset: {fileID: 0}
  m_GameObject: {fileID: 5155293125531078926}
  m_Enabled: 1
  m_CastShadows: 0
  m_ReceiveShadows: 0
  m_DynamicOccludee: 1
  m_MotionVectors: 1
  m_LightProbeUsage: 1
  m_ReflectionProbeUsage: 1
  m_RayTracingMode: 0
  m_RenderingLayerMask: 1
  m_RendererPriority: 0
  m_Materials:
  - {fileID: 2100000, guid: a97c105638bdf8b4a8650670310a4cd3, type: 2}
  m_StaticBatchInfo:
    firstSubMesh: 0
    subMeshCount: 0
  m_StaticBatchRoot: {fileID: 0}
  m_ProbeAnchor: {fileID: 0}
  m_LightProbeVolumeOverride: {fileID: 0}
  m_ScaleInLightmap: 1
  m_ReceiveGI: 1
  m_PreserveUVs: 0
  m_IgnoreNormalsForChartDetection: 0
  m_ImportantGI: 0
  m_StitchLightmapSeams: 1
  m_SelectedEditorRenderState: 0
  m_MinimumChartSize: 4
  m_AutoUVMaxDistance: 0.5
  m_AutoUVMaxAngle: 89
  m_LightmapParameters: {fileID: 0}
  m_SortingLayerID: -301663487
  m_SortingLayer: 3
  m_SortingOrder: 0
  m_Sprite: {fileID: 21300000, guid: 2fbd51d9b0fd4d24c9d52cefc1883212, type: 3}
  m_Color: {r: 1, g: 1, b: 1, a: 1}
  m_FlipX: 0
  m_FlipY: 0
  m_DrawMode: 0
  m_Size: {x: 10, y: 10}
  m_AdaptiveModeThreshold: 0.5
  m_SpriteTileMode: 0
  m_WasSpriteAssigned: 1
  m_MaskInteraction: 0
  m_SpriteSortPoint: 0
--- !u!114 &3206264549240610211
MonoBehaviour:
  m_ObjectHideFlags: 0
  m_CorrespondingSourceObject: {fileID: 0}
  m_PrefabInstance: {fileID: 0}
  m_PrefabAsset: {fileID: 0}
  m_GameObject: {fileID: 5155293125531078926}
  m_Enabled: 1
  m_EditorHideFlags: 0
  m_Script: {fileID: 11500000, guid: 2d1beb0c3a7554784995683058f6e412, type: 3}
  m_Name: 
  m_EditorClassIdentifier: 
  MyEvent:
    idInternal: 0
    valueGuidInternal: 
    WwiseObjectReference: {fileID: 11400000, guid: b34b4b8b17c7a4b888df1292d2765bd6,
      type: 2}
--- !u!1 &7240689863943142417
GameObject:
  m_ObjectHideFlags: 0
  m_CorrespondingSourceObject: {fileID: 0}
  m_PrefabInstance: {fileID: 0}
  m_PrefabAsset: {fileID: 0}
  serializedVersion: 6
  m_Component:
  - component: {fileID: 6139627506776031501}
  - component: {fileID: 3939069533503109806}
  - component: {fileID: 2272578059409063023}
  m_Layer: 9
  m_Name: Left
  m_TagString: Untagged
  m_Icon: {fileID: 0}
  m_NavMeshLayer: 0
  m_StaticEditorFlags: 0
  m_IsActive: 1
--- !u!4 &6139627506776031501
Transform:
  m_ObjectHideFlags: 0
  m_CorrespondingSourceObject: {fileID: 0}
  m_PrefabInstance: {fileID: 0}
  m_PrefabAsset: {fileID: 0}
  m_GameObject: {fileID: 7240689863943142417}
  m_LocalRotation: {x: 0, y: 0, z: 0, w: 1}
  m_LocalPosition: {x: -2.25, y: -0.49, z: 0}
  m_LocalScale: {x: 1, y: 1, z: 1}
  m_Children: []
  m_Father: {fileID: 7092330849264855950}
  m_RootOrder: 2
  m_LocalEulerAnglesHint: {x: 0, y: 0, z: 0}
--- !u!212 &3939069533503109806
SpriteRenderer:
  m_ObjectHideFlags: 0
  m_CorrespondingSourceObject: {fileID: 0}
  m_PrefabInstance: {fileID: 0}
  m_PrefabAsset: {fileID: 0}
  m_GameObject: {fileID: 7240689863943142417}
  m_Enabled: 1
  m_CastShadows: 0
  m_ReceiveShadows: 0
  m_DynamicOccludee: 1
  m_MotionVectors: 1
  m_LightProbeUsage: 1
  m_ReflectionProbeUsage: 1
  m_RayTracingMode: 0
  m_RenderingLayerMask: 1
  m_RendererPriority: 0
  m_Materials:
  - {fileID: 2100000, guid: a97c105638bdf8b4a8650670310a4cd3, type: 2}
  m_StaticBatchInfo:
    firstSubMesh: 0
    subMeshCount: 0
  m_StaticBatchRoot: {fileID: 0}
  m_ProbeAnchor: {fileID: 0}
  m_LightProbeVolumeOverride: {fileID: 0}
  m_ScaleInLightmap: 1
  m_ReceiveGI: 1
  m_PreserveUVs: 0
  m_IgnoreNormalsForChartDetection: 0
  m_ImportantGI: 0
  m_StitchLightmapSeams: 1
  m_SelectedEditorRenderState: 0
  m_MinimumChartSize: 4
  m_AutoUVMaxDistance: 0.5
  m_AutoUVMaxAngle: 89
  m_LightmapParameters: {fileID: 0}
  m_SortingLayerID: 0
  m_SortingLayer: 0
  m_SortingOrder: 1
  m_Sprite: {fileID: 21300000, guid: a0eefb93da5e9d240becd9485837c685, type: 3}
  m_Color: {r: 1, g: 1, b: 1, a: 1}
  m_FlipX: 0
  m_FlipY: 0
  m_DrawMode: 0
  m_Size: {x: 4.68, y: 9.06}
  m_AdaptiveModeThreshold: 0.5
  m_SpriteTileMode: 0
  m_WasSpriteAssigned: 1
  m_MaskInteraction: 0
  m_SpriteSortPoint: 0
--- !u!61 &2272578059409063023
BoxCollider2D:
  m_ObjectHideFlags: 0
  m_CorrespondingSourceObject: {fileID: 0}
  m_PrefabInstance: {fileID: 0}
  m_PrefabAsset: {fileID: 0}
  m_GameObject: {fileID: 7240689863943142417}
  m_Enabled: 1
  m_Density: 1
  m_Material: {fileID: 0}
  m_IsTrigger: 0
  m_UsedByEffector: 0
  m_UsedByComposite: 0
  m_Offset: {x: -2.2547257, y: 1.0856075}
  m_SpriteTilingProperty:
    border: {x: 0, y: 0, z: 0, w: 0}
    pivot: {x: 0.5, y: 0.5}
    oldSize: {x: 4.68, y: 9.06}
    newSize: {x: 4.68, y: 9.06}
    adaptiveTilingThreshold: 0.5
    drawMode: 0
    adaptiveTiling: 0
  m_AutoTiling: 0
  serializedVersion: 2
  m_Size: {x: 9.189449, y: 11.231216}
  m_EdgeRadius: 0
--- !u!1001 &6281765142446655252
PrefabInstance:
  m_ObjectHideFlags: 0
  serializedVersion: 2
  m_Modification:
    m_TransformParent: {fileID: 7092330849264855950}
    m_Modifications:
    - target: {fileID: 1554169211671450325, guid: 926416e3020801743b972e8dacc43375,
        type: 3}
      propertyPath: m_Name
      value: DoorBorderBottom
      objectReference: {fileID: 0}
    - target: {fileID: 7109511841886297828, guid: 926416e3020801743b972e8dacc43375,
        type: 3}
      propertyPath: m_LocalPosition.x
      value: 0
      objectReference: {fileID: 0}
    - target: {fileID: 7109511841886297828, guid: 926416e3020801743b972e8dacc43375,
        type: 3}
      propertyPath: m_LocalPosition.y
      value: 0
      objectReference: {fileID: 0}
    - target: {fileID: 7109511841886297828, guid: 926416e3020801743b972e8dacc43375,
        type: 3}
      propertyPath: m_LocalPosition.z
      value: 0
      objectReference: {fileID: 0}
    - target: {fileID: 7109511841886297828, guid: 926416e3020801743b972e8dacc43375,
        type: 3}
      propertyPath: m_LocalRotation.x
      value: 0
      objectReference: {fileID: 0}
    - target: {fileID: 7109511841886297828, guid: 926416e3020801743b972e8dacc43375,
        type: 3}
      propertyPath: m_LocalRotation.y
      value: 0
      objectReference: {fileID: 0}
    - target: {fileID: 7109511841886297828, guid: 926416e3020801743b972e8dacc43375,
        type: 3}
      propertyPath: m_LocalRotation.z
      value: 0
      objectReference: {fileID: 0}
    - target: {fileID: 7109511841886297828, guid: 926416e3020801743b972e8dacc43375,
        type: 3}
      propertyPath: m_LocalRotation.w
      value: 1
      objectReference: {fileID: 0}
    - target: {fileID: 7109511841886297828, guid: 926416e3020801743b972e8dacc43375,
        type: 3}
      propertyPath: m_RootOrder
      value: 4
      objectReference: {fileID: 0}
    - target: {fileID: 7109511841886297828, guid: 926416e3020801743b972e8dacc43375,
        type: 3}
      propertyPath: m_LocalEulerAnglesHint.x
      value: 0
      objectReference: {fileID: 0}
    - target: {fileID: 7109511841886297828, guid: 926416e3020801743b972e8dacc43375,
        type: 3}
      propertyPath: m_LocalEulerAnglesHint.y
      value: 0
      objectReference: {fileID: 0}
    - target: {fileID: 7109511841886297828, guid: 926416e3020801743b972e8dacc43375,
        type: 3}
      propertyPath: m_LocalEulerAnglesHint.z
      value: 0
      objectReference: {fileID: 0}
    m_RemovedComponents: []
  m_SourcePrefab: {fileID: 100100000, guid: 926416e3020801743b972e8dacc43375, type: 3}
--- !u!4 &3857156365821024752 stripped
Transform:
  m_CorrespondingSourceObject: {fileID: 7109511841886297828, guid: 926416e3020801743b972e8dacc43375,
    type: 3}
  m_PrefabInstance: {fileID: 6281765142446655252}
  m_PrefabAsset: {fileID: 0}
--- !u!1001 &6764085606377211541
PrefabInstance:
  m_ObjectHideFlags: 0
  serializedVersion: 2
  m_Modification:
    m_TransformParent: {fileID: 7092330849264855950}
    m_Modifications:
    - target: {fileID: 6596066024058425738, guid: 2df69a539a54078498750bc1153b4165,
        type: 3}
      propertyPath: m_LocalPosition.x
      value: 0
      objectReference: {fileID: 0}
    - target: {fileID: 6596066024058425738, guid: 2df69a539a54078498750bc1153b4165,
        type: 3}
      propertyPath: m_LocalPosition.y
      value: 0
      objectReference: {fileID: 0}
    - target: {fileID: 6596066024058425738, guid: 2df69a539a54078498750bc1153b4165,
        type: 3}
      propertyPath: m_LocalPosition.z
      value: 0
      objectReference: {fileID: 0}
    - target: {fileID: 6596066024058425738, guid: 2df69a539a54078498750bc1153b4165,
        type: 3}
      propertyPath: m_LocalRotation.x
      value: -0.7071068
      objectReference: {fileID: 0}
    - target: {fileID: 6596066024058425738, guid: 2df69a539a54078498750bc1153b4165,
        type: 3}
      propertyPath: m_LocalRotation.y
      value: 0
      objectReference: {fileID: 0}
    - target: {fileID: 6596066024058425738, guid: 2df69a539a54078498750bc1153b4165,
        type: 3}
      propertyPath: m_LocalRotation.z
      value: 0
      objectReference: {fileID: 0}
    - target: {fileID: 6596066024058425738, guid: 2df69a539a54078498750bc1153b4165,
        type: 3}
      propertyPath: m_LocalRotation.w
      value: 0.7071068
      objectReference: {fileID: 0}
    - target: {fileID: 6596066024058425738, guid: 2df69a539a54078498750bc1153b4165,
        type: 3}
      propertyPath: m_RootOrder
      value: 0
      objectReference: {fileID: 0}
    - target: {fileID: 6596066024058425738, guid: 2df69a539a54078498750bc1153b4165,
        type: 3}
      propertyPath: m_LocalEulerAnglesHint.x
      value: -90
      objectReference: {fileID: 0}
    - target: {fileID: 6596066024058425738, guid: 2df69a539a54078498750bc1153b4165,
        type: 3}
      propertyPath: m_LocalEulerAnglesHint.y
      value: 0
      objectReference: {fileID: 0}
    - target: {fileID: 6596066024058425738, guid: 2df69a539a54078498750bc1153b4165,
        type: 3}
      propertyPath: m_LocalEulerAnglesHint.z
      value: 0
      objectReference: {fileID: 0}
    - target: {fileID: 9023767929680941174, guid: 2df69a539a54078498750bc1153b4165,
        type: 3}
      propertyPath: m_Name
      value: Dust_PS
      objectReference: {fileID: 0}
    m_RemovedComponents: []
  m_SourcePrefab: {fileID: 100100000, guid: 2df69a539a54078498750bc1153b4165, type: 3}
--- !u!4 &456890084725413663 stripped
Transform:
  m_CorrespondingSourceObject: {fileID: 6596066024058425738, guid: 2df69a539a54078498750bc1153b4165,
    type: 3}
  m_PrefabInstance: {fileID: 6764085606377211541}
  m_PrefabAsset: {fileID: 0}
