%YAML 1.1
%TAG !u! tag:unity3d.com,2011:
--- !u!1 &272994528226956839
GameObject:
  m_ObjectHideFlags: 0
  m_CorrespondingSourceObject: {fileID: 0}
  m_PrefabInstance: {fileID: 0}
  m_PrefabAsset: {fileID: 0}
  serializedVersion: 6
  m_Component:
  - component: {fileID: 2751591138059431079}
  - component: {fileID: 8796609678297677746}
  - component: {fileID: 892147017075581471}
  - component: {fileID: 6099066810708388774}
  - component: {fileID: 2861091599823087573}
  - component: {fileID: 7782184936225902793}
  - component: {fileID: 46766527978473752}
  - component: {fileID: 5490855049851662796}
  - component: {fileID: 4918661810059497837}
  m_Layer: 0
  m_Name: Library
  m_TagString: Untagged
  m_Icon: {fileID: 0}
  m_NavMeshLayer: 0
  m_StaticEditorFlags: 0
  m_IsActive: 1
--- !u!4 &2751591138059431079
Transform:
  m_ObjectHideFlags: 0
  m_CorrespondingSourceObject: {fileID: 0}
  m_PrefabInstance: {fileID: 0}
  m_PrefabAsset: {fileID: 0}
  m_GameObject: {fileID: 272994528226956839}
  m_LocalRotation: {x: 0, y: 0, z: 0, w: 1}
  m_LocalPosition: {x: 11.01, y: 15.54, z: 0}
  m_LocalScale: {x: 1, y: 1, z: 1}
  m_Children:
  - {fileID: 2724332111603694177}
  - {fileID: 392749473233148671}
  m_Father: {fileID: 0}
  m_RootOrder: 0
  m_LocalEulerAnglesHint: {x: 0, y: 0, z: 0}
--- !u!114 &8796609678297677746
MonoBehaviour:
  m_ObjectHideFlags: 0
  m_CorrespondingSourceObject: {fileID: 0}
  m_PrefabInstance: {fileID: 0}
  m_PrefabAsset: {fileID: 0}
  m_GameObject: {fileID: 272994528226956839}
  m_Enabled: 1
  m_EditorHideFlags: 0
  m_Script: {fileID: 11500000, guid: b0e23f5672a5b4a87972ddc14038ab70, type: 3}
  m_Name: 
  m_EditorClassIdentifier: 
  OnEnter: {fileID: 2861091599823087573}
  EnterAndExitExclusive: 0
  OnExit: {fileID: 46766527978473752}
  FilterLayer:
    serializedVersion: 2
    m_Bits: 256
  TargetOnEnter: {fileID: 0}
  TargetOnExit: {fileID: 0}
--- !u!114 &892147017075581471
MonoBehaviour:
  m_ObjectHideFlags: 0
  m_CorrespondingSourceObject: {fileID: 0}
  m_PrefabInstance: {fileID: 0}
  m_PrefabAsset: {fileID: 0}
  m_GameObject: {fileID: 272994528226956839}
  m_Enabled: 1
  m_EditorHideFlags: 0
  m_Script: {fileID: 11500000, guid: 5b8e57d7130d1814495abd3ad99f6818, type: 3}
  m_Name: 
  m_EditorClassIdentifier: 
  showTriggerInterface: 1
  IsDisabled: 0
  name: Enable Dialog Interaction
  MaxActivationTimes: 0
  EventSource: {fileID: 0}
  StringParameter: 
  FloatParameter: 0
  ignoreDisabled: 0
  showGenericEventTrigger: 1
  EventName: Change Interact Button
  EventParameter: CauldronNear
  EventNumber: 0
--- !u!114 &6099066810708388774
MonoBehaviour:
  m_ObjectHideFlags: 0
  m_CorrespondingSourceObject: {fileID: 0}
  m_PrefabInstance: {fileID: 0}
  m_PrefabAsset: {fileID: 0}
  m_GameObject: {fileID: 272994528226956839}
  m_Enabled: 1
  m_EditorHideFlags: 0
  m_Script: {fileID: 11500000, guid: 5b8e57d7130d1814495abd3ad99f6818, type: 3}
  m_Name: 
  m_EditorClassIdentifier: 
  showTriggerInterface: 0
  IsDisabled: 0
  name: Disable Dialog Interaction
  MaxActivationTimes: 0
  EventSource: {fileID: 0}
  StringParameter: 
  FloatParameter: 0
  ignoreDisabled: 0
  showGenericEventTrigger: 1
  EventName: Change Interact Button
  EventParameter: CauldronFar
  EventNumber: 0
--- !u!114 &2861091599823087573
MonoBehaviour:
  m_ObjectHideFlags: 0
  m_CorrespondingSourceObject: {fileID: 0}
  m_PrefabInstance: {fileID: 0}
  m_PrefabAsset: {fileID: 0}
  m_GameObject: {fileID: 272994528226956839}
  m_Enabled: 1
  m_EditorHideFlags: 0
  m_Script: {fileID: 11500000, guid: 107eb833122e64684bdb683e0452051f, type: 3}
  m_Name: 
  m_EditorClassIdentifier: 
  showTriggerInterface: 1
  IsDisabled: 0
  name: Enable Dialog Interaction
  MaxActivationTimes: 0
  EventSource: {fileID: 0}
  StringParameter: 
  FloatParameter: 0
  ignoreDisabled: 0
  showGroupTrigger: 1
  Triggers:
  - {fileID: 892147017075581471}
  - {fileID: 7782184936225902793}
--- !u!114 &7782184936225902793
MonoBehaviour:
  m_ObjectHideFlags: 0
  m_CorrespondingSourceObject: {fileID: 0}
  m_PrefabInstance: {fileID: 0}
  m_PrefabAsset: {fileID: 0}
  m_GameObject: {fileID: 272994528226956839}
  m_Enabled: 1
  m_EditorHideFlags: 0
  m_Script: {fileID: 11500000, guid: b6f67d5f48ac246f080530d32eef6a4b, type: 3}
  m_Name: 
  m_EditorClassIdentifier: 
  showTriggerInterface: 0
  IsDisabled: 0
  name: Enable Interactable
  MaxActivationTimes: 0
  EventSource: {fileID: 0}
  StringParameter: 
  FloatParameter: 0
  ignoreDisabled: 0
  TheObject: {fileID: 7029366058312155583}
--- !u!114 &46766527978473752
MonoBehaviour:
  m_ObjectHideFlags: 0
  m_CorrespondingSourceObject: {fileID: 0}
  m_PrefabInstance: {fileID: 0}
  m_PrefabAsset: {fileID: 0}
  m_GameObject: {fileID: 272994528226956839}
  m_Enabled: 1
  m_EditorHideFlags: 0
  m_Script: {fileID: 11500000, guid: 107eb833122e64684bdb683e0452051f, type: 3}
  m_Name: 
  m_EditorClassIdentifier: 
  showTriggerInterface: 0
  IsDisabled: 0
  name: Disable Dialog Interaction
  MaxActivationTimes: 0
  EventSource: {fileID: 0}
  StringParameter: 
  FloatParameter: 0
  ignoreDisabled: 0
  showGroupTrigger: 1
  Triggers:
  - {fileID: 6099066810708388774}
  - {fileID: 5490855049851662796}
--- !u!114 &5490855049851662796
MonoBehaviour:
  m_ObjectHideFlags: 0
  m_CorrespondingSourceObject: {fileID: 0}
  m_PrefabInstance: {fileID: 0}
  m_PrefabAsset: {fileID: 0}
  m_GameObject: {fileID: 272994528226956839}
  m_Enabled: 1
  m_EditorHideFlags: 0
  m_Script: {fileID: 11500000, guid: dcbaf58032609435f929332858abad14, type: 3}
  m_Name: 
  m_EditorClassIdentifier: 
  showTriggerInterface: 0
  IsDisabled: 0
  name: Disable Interactable
  MaxActivationTimes: 0
  EventSource: {fileID: 0}
  StringParameter: 
  FloatParameter: 0
  ignoreDisabled: 0
  TheObject: {fileID: 7029366058312155583}
--- !u!61 &4918661810059497837
BoxCollider2D:
  m_ObjectHideFlags: 0
  m_CorrespondingSourceObject: {fileID: 0}
  m_PrefabInstance: {fileID: 0}
  m_PrefabAsset: {fileID: 0}
  m_GameObject: {fileID: 272994528226956839}
  m_Enabled: 1
  m_Density: 1
  m_Material: {fileID: 0}
  m_IsTrigger: 1
  m_UsedByEffector: 0
  m_UsedByComposite: 0
  m_Offset: {x: -0.6420181, y: -1.4938564}
  m_SpriteTilingProperty:
    border: {x: 0, y: 0, z: 0, w: 0}
    pivot: {x: 0, y: 0}
    oldSize: {x: 0, y: 0}
    newSize: {x: 0, y: 0}
    adaptiveTilingThreshold: 0
    drawMode: 0
    adaptiveTiling: 0
  m_AutoTiling: 0
  serializedVersion: 2
  m_Size: {x: 5.9836135, y: 3.9877129}
  m_EdgeRadius: 0
--- !u!1 &4918661810037014932
GameObject:
  m_ObjectHideFlags: 0
  m_CorrespondingSourceObject: {fileID: 0}
  m_PrefabInstance: {fileID: 0}
  m_PrefabAsset: {fileID: 0}
  serializedVersion: 6
  m_Component:
  - component: {fileID: 4918661810037014935}
  - component: {fileID: 4918661810037015019}
  - component: {fileID: 4918661810037015016}
  - component: {fileID: 4918661810037015017}
  - component: {fileID: 4918661810037014934}
  m_Layer: 9
  m_Name: RecipeCheck
  m_TagString: Untagged
  m_Icon: {fileID: 0}
  m_NavMeshLayer: 0
  m_StaticEditorFlags: 0
  m_IsActive: 1
--- !u!4 &4918661810037014935
Transform:
  m_ObjectHideFlags: 0
  m_CorrespondingSourceObject: {fileID: 0}
  m_PrefabInstance: {fileID: 0}
  m_PrefabAsset: {fileID: 0}
  m_GameObject: {fileID: 4918661810037014932}
  m_LocalRotation: {x: 0, y: 0, z: 0, w: 1}
  m_LocalPosition: {x: 0, y: 0, z: 0}
  m_LocalScale: {x: 1, y: 1, z: 1}
  m_Children: []
  m_Father: {fileID: 2724332111603694177}
  m_RootOrder: 0
  m_LocalEulerAnglesHint: {x: 0, y: 0, z: 0}
--- !u!114 &4918661810037015019
MonoBehaviour:
  m_ObjectHideFlags: 0
  m_CorrespondingSourceObject: {fileID: 0}
  m_PrefabInstance: {fileID: 0}
  m_PrefabAsset: {fileID: 0}
  m_GameObject: {fileID: 4918661810037014932}
  m_Enabled: 1
  m_EditorHideFlags: 0
  m_Script: {fileID: 11500000, guid: 818329965ba0a4a46b18e94ecddb6c84, type: 3}
  m_Name: 
  m_EditorClassIdentifier: 
  Trigger: {fileID: 4918661810037015016}
--- !u!114 &4918661810037015016
MonoBehaviour:
  m_ObjectHideFlags: 0
  m_CorrespondingSourceObject: {fileID: 0}
  m_PrefabInstance: {fileID: 0}
  m_PrefabAsset: {fileID: 0}
  m_GameObject: {fileID: 4918661810037014932}
  m_Enabled: 1
  m_EditorHideFlags: 0
  m_Script: {fileID: 11500000, guid: 672f0db87c4f23541b038e240e7bbb57, type: 3}
  m_Name: 
  m_EditorClassIdentifier: 
  showTriggerInterface: 0
  IsDisabled: 0
  name: Revisa si tiene la receta de la patasola
  MaxActivationTimes: 0
  EventSource: {fileID: 0}
  StringParameter: 
  FloatParameter: 0
  ignoreDisabled: 0
  inventory: {fileID: 11400000, guid: ae4865742e5cdf549a57277161901ba4, type: 2}
  items:
  - Name: PatasolaRecipe
    Amount: 1
    Tier: 1
  IfTrue: {fileID: 4918661810037015017}
  IfFalse: {fileID: 4918661810486487656}
--- !u!114 &4918661810037015017
MonoBehaviour:
  m_ObjectHideFlags: 0
  m_CorrespondingSourceObject: {fileID: 0}
  m_PrefabInstance: {fileID: 0}
  m_PrefabAsset: {fileID: 0}
  m_GameObject: {fileID: 4918661810037014932}
  m_Enabled: 1
  m_EditorHideFlags: 0
  m_Script: {fileID: 11500000, guid: a6a2adb0c6fef8644aa32db61c0841ac, type: 3}
  m_Name: 
  m_EditorClassIdentifier: 
  showTriggerInterface: 0
  IsDisabled: 0
  name: 
  MaxActivationTimes: 0
  EventSource: {fileID: 0}
  StringParameter: 
  FloatParameter: 0
  ignoreDisabled: 0
  showAmethyst_MonologueTrigger: 1
  I18nFolder: House
  I18nName: Library4
  callback: {fileID: 4918661810037014934}
--- !u!114 &4918661810037014934
MonoBehaviour:
  m_ObjectHideFlags: 0
  m_CorrespondingSourceObject: {fileID: 0}
  m_PrefabInstance: {fileID: 0}
  m_PrefabAsset: {fileID: 0}
  m_GameObject: {fileID: 4918661810037014932}
  m_Enabled: 1
  m_EditorHideFlags: 0
  m_Script: {fileID: 11500000, guid: 280ba86b3cc4c0a4ba305f167795bbb0, type: 3}
  m_Name: 
  m_EditorClassIdentifier: 
  showTriggerInterface: 0
  IsDisabled: 0
  name: Close dialog
  MaxActivationTimes: 0
  EventSource: {fileID: 0}
  StringParameter: 
  FloatParameter: 0
  ignoreDisabled: 0
--- !u!1 &7029366058312155583
GameObject:
  m_ObjectHideFlags: 0
  m_CorrespondingSourceObject: {fileID: 0}
  m_PrefabInstance: {fileID: 0}
  m_PrefabAsset: {fileID: 0}
  serializedVersion: 6
  m_Component:
  - component: {fileID: 2724332111603694177}
  - component: {fileID: 1415637549106230388}
  - component: {fileID: 8266319154622006378}
  - component: {fileID: 4918661810486487571}
  - component: {fileID: 4918661810486487572}
  - component: {fileID: 4918661810486487575}
  - component: {fileID: 4918661810486487574}
  - component: {fileID: 4918661810486487657}
  - component: {fileID: 4918661810486487656}
  m_Layer: 9
  m_Name: Interactable
  m_TagString: Untagged
  m_Icon: {fileID: 0}
  m_NavMeshLayer: 0
  m_StaticEditorFlags: 0
  m_IsActive: 0
--- !u!4 &2724332111603694177
Transform:
  m_ObjectHideFlags: 0
  m_CorrespondingSourceObject: {fileID: 0}
  m_PrefabInstance: {fileID: 0}
  m_PrefabAsset: {fileID: 0}
  m_GameObject: {fileID: 7029366058312155583}
  m_LocalRotation: {x: 0, y: 0, z: 0, w: 1}
  m_LocalPosition: {x: 0.09, y: -0.03, z: 0}
  m_LocalScale: {x: 1, y: 1, z: 1}
  m_Children:
  - {fileID: 4918661810037014935}
  m_Father: {fileID: 2751591138059431079}
  m_RootOrder: 0
  m_LocalEulerAnglesHint: {x: 0, y: 0, z: 0}
--- !u!114 &1415637549106230388
MonoBehaviour:
  m_ObjectHideFlags: 0
  m_CorrespondingSourceObject: {fileID: 0}
  m_PrefabInstance: {fileID: 0}
  m_PrefabAsset: {fileID: 0}
  m_GameObject: {fileID: 7029366058312155583}
  m_Enabled: 1
  m_EditorHideFlags: 0
  m_Script: {fileID: 11500000, guid: a6a2adb0c6fef8644aa32db61c0841ac, type: 3}
  m_Name: 
  m_EditorClassIdentifier: 
  showTriggerInterface: 1
  IsDisabled: 0
  name: Library1
  MaxActivationTimes: 0
  EventSource: {fileID: 0}
  StringParameter: 
  FloatParameter: 0
  ignoreDisabled: 0
  showAmethyst_MonologueTrigger: 1
  I18nFolder: House
  I18nName: Library1
  callback: {fileID: 8266319154622006378}
--- !u!114 &8266319154622006378
MonoBehaviour:
  m_ObjectHideFlags: 0
  m_CorrespondingSourceObject: {fileID: 0}
  m_PrefabInstance: {fileID: 0}
  m_PrefabAsset: {fileID: 0}
  m_GameObject: {fileID: 7029366058312155583}
  m_Enabled: 1
  m_EditorHideFlags: 0
  m_Script: {fileID: 11500000, guid: 280ba86b3cc4c0a4ba305f167795bbb0, type: 3}
  m_Name: 
  m_EditorClassIdentifier: 
  showTriggerInterface: 0
  IsDisabled: 0
  name: Close Dialog
  MaxActivationTimes: 0
  EventSource: {fileID: 0}
  StringParameter: 
  FloatParameter: 0
  ignoreDisabled: 0
--- !u!114 &4918661810486487571
MonoBehaviour:
  m_ObjectHideFlags: 0
  m_CorrespondingSourceObject: {fileID: 0}
  m_PrefabInstance: {fileID: 0}
  m_PrefabAsset: {fileID: 0}
  m_GameObject: {fileID: 7029366058312155583}
  m_Enabled: 1
  m_EditorHideFlags: 0
  m_Script: {fileID: 11500000, guid: 5b8e57d7130d1814495abd3ad99f6818, type: 3}
  m_Name: 
  m_EditorClassIdentifier: 
  showTriggerInterface: 0
  IsDisabled: 0
  name: 
  MaxActivationTimes: 0
  EventSource: {fileID: 0}
  StringParameter: 
  FloatParameter: 0
  ignoreDisabled: 0
  showGenericEventTrigger: 1
  EventName: Loot
  EventParameter: Recipe
  EventNumber: 0
--- !u!114 &4918661810486487572
MonoBehaviour:
  m_ObjectHideFlags: 0
  m_CorrespondingSourceObject: {fileID: 0}
  m_PrefabInstance: {fileID: 0}
  m_PrefabAsset: {fileID: 0}
  m_GameObject: {fileID: 7029366058312155583}
  m_Enabled: 1
  m_EditorHideFlags: 0
  m_Script: {fileID: 11500000, guid: 6b926dbbd6434674cb4e6fb43104e023, type: 3}
  m_Name: 
  m_EditorClassIdentifier: 
  showTriggerInterface: 0
  IsDisabled: 0
  name: Obtener receta Patasola
  MaxActivationTimes: 0
  EventSource: {fileID: 0}
  StringParameter: 
  FloatParameter: 0
  ignoreDisabled: 0
  inventory: {fileID: 11400000, guid: ae4865742e5cdf549a57277161901ba4, type: 2}
  Item: PatasolaRecipe
  Amount: 1
--- !u!114 &4918661810486487575
MonoBehaviour:
  m_ObjectHideFlags: 0
  m_CorrespondingSourceObject: {fileID: 0}
  m_PrefabInstance: {fileID: 0}
  m_PrefabAsset: {fileID: 0}
  m_GameObject: {fileID: 7029366058312155583}
  m_Enabled: 1
  m_EditorHideFlags: 0
  m_Script: {fileID: 11500000, guid: 107eb833122e64684bdb683e0452051f, type: 3}
  m_Name: 
  m_EditorClassIdentifier: 
  showTriggerInterface: 0
  IsDisabled: 0
  name: Library Final
  MaxActivationTimes: 0
  EventSource: {fileID: 0}
  StringParameter: 
  FloatParameter: 0
  ignoreDisabled: 0
  showGroupTrigger: 1
  Triggers:
  - {fileID: 4918661810486487572}
  - {fileID: 4918661810486487571}
  - {fileID: 8266319154622006378}
--- !u!114 &4918661810486487574
MonoBehaviour:
  m_ObjectHideFlags: 0
  m_CorrespondingSourceObject: {fileID: 0}
  m_PrefabInstance: {fileID: 0}
  m_PrefabAsset: {fileID: 0}
  m_GameObject: {fileID: 7029366058312155583}
  m_Enabled: 1
  m_EditorHideFlags: 0
  m_Script: {fileID: 11500000, guid: a6a2adb0c6fef8644aa32db61c0841ac, type: 3}
  m_Name: 
  m_EditorClassIdentifier: 
  showTriggerInterface: 1
  IsDisabled: 0
  name: Library2
  MaxActivationTimes: 0
  EventSource: {fileID: 0}
  StringParameter: 
  FloatParameter: 0
  ignoreDisabled: 0
  showAmethyst_MonologueTrigger: 1
  I18nFolder: House
  I18nName: Library2
  callback: {fileID: 8266319154622006378}
--- !u!114 &4918661810486487657
MonoBehaviour:
  m_ObjectHideFlags: 0
  m_CorrespondingSourceObject: {fileID: 0}
  m_PrefabInstance: {fileID: 0}
  m_PrefabAsset: {fileID: 0}
  m_GameObject: {fileID: 7029366058312155583}
  m_Enabled: 1
  m_EditorHideFlags: 0
  m_Script: {fileID: 11500000, guid: a6a2adb0c6fef8644aa32db61c0841ac, type: 3}
  m_Name: 
  m_EditorClassIdentifier: 
  showTriggerInterface: 1
  IsDisabled: 0
  name: Library3
  MaxActivationTimes: 0
  EventSource: {fileID: 0}
  StringParameter: 
  FloatParameter: 0
  ignoreDisabled: 0
  showAmethyst_MonologueTrigger: 1
  I18nFolder: House
  I18nName: Library3
  callback: {fileID: 4918661810486487575}
--- !u!114 &4918661810486487656
MonoBehaviour:
  m_ObjectHideFlags: 0
  m_CorrespondingSourceObject: {fileID: 0}
  m_PrefabInstance: {fileID: 0}
  m_PrefabAsset: {fileID: 0}
  m_GameObject: {fileID: 7029366058312155583}
  m_Enabled: 1
  m_EditorHideFlags: 0
  m_Script: {fileID: 11500000, guid: 3aa2c8f3a165d4872a03be3c3c565d24, type: 3}
  m_Name: 
  m_EditorClassIdentifier: 
  showTriggerInterface: 1
  IsDisabled: 0
  name: Secuencia de dialogos para PatasolaRecipe
  MaxActivationTimes: 1
  EventSource: {fileID: 0}
  StringParameter: 
  FloatParameter: 0
  ignoreDisabled: 0
  showTriggerFireableSequence: 1
  Triggers:
  - Label: 
    TriggerToFire: {fileID: 1415637549106230388}
  - Label: 
    TriggerToFire: {fileID: 4918661810486487574}
  - Label: 
    TriggerToFire: {fileID: 4918661810486487657}
  loop: 0
--- !u!1001 &387387895002688372
PrefabInstance:
  m_ObjectHideFlags: 0
  serializedVersion: 2
  m_Modification:
    m_TransformParent: {fileID: 2751591138059431079}
    m_Modifications:
    - target: {fileID: 5370754768269707, guid: 5c85ba05c5dfd2f4782132011aad740e, type: 3}
      propertyPath: m_RootOrder
      value: 1
      objectReference: {fileID: 0}
    - target: {fileID: 5370754768269707, guid: 5c85ba05c5dfd2f4782132011aad740e, type: 3}
      propertyPath: m_LocalPosition.x
      value: 0
      objectReference: {fileID: 0}
    - target: {fileID: 5370754768269707, guid: 5c85ba05c5dfd2f4782132011aad740e, type: 3}
      propertyPath: m_LocalPosition.y
      value: 0
      objectReference: {fileID: 0}
    - target: {fileID: 5370754768269707, guid: 5c85ba05c5dfd2f4782132011aad740e, type: 3}
      propertyPath: m_LocalPosition.z
      value: 0
      objectReference: {fileID: 0}
    - target: {fileID: 5370754768269707, guid: 5c85ba05c5dfd2f4782132011aad740e, type: 3}
      propertyPath: m_LocalRotation.w
      value: 1
      objectReference: {fileID: 0}
    - target: {fileID: 5370754768269707, guid: 5c85ba05c5dfd2f4782132011aad740e, type: 3}
      propertyPath: m_LocalRotation.x
      value: 0
      objectReference: {fileID: 0}
    - target: {fileID: 5370754768269707, guid: 5c85ba05c5dfd2f4782132011aad740e, type: 3}
      propertyPath: m_LocalRotation.y
      value: 0
      objectReference: {fileID: 0}
    - target: {fileID: 5370754768269707, guid: 5c85ba05c5dfd2f4782132011aad740e, type: 3}
      propertyPath: m_LocalRotation.z
      value: 0
      objectReference: {fileID: 0}
    - target: {fileID: 5370754768269707, guid: 5c85ba05c5dfd2f4782132011aad740e, type: 3}
      propertyPath: m_LocalEulerAnglesHint.x
      value: -90
      objectReference: {fileID: 0}
    - target: {fileID: 5370754768269707, guid: 5c85ba05c5dfd2f4782132011aad740e, type: 3}
      propertyPath: m_LocalEulerAnglesHint.y
      value: 0
      objectReference: {fileID: 0}
    - target: {fileID: 5370754768269707, guid: 5c85ba05c5dfd2f4782132011aad740e, type: 3}
      propertyPath: m_LocalEulerAnglesHint.z
      value: 0
      objectReference: {fileID: 0}
    - target: {fileID: 405659943088543990, guid: 5c85ba05c5dfd2f4782132011aad740e,
        type: 3}
      propertyPath: m_Name
      value: InterestPoint
      objectReference: {fileID: 0}
    m_RemovedComponents: []
  m_SourcePrefab: {fileID: 100100000, guid: 5c85ba05c5dfd2f4782132011aad740e, type: 3}
--- !u!4 &392749473233148671 stripped
Transform:
  m_CorrespondingSourceObject: {fileID: 5370754768269707, guid: 5c85ba05c5dfd2f4782132011aad740e,
    type: 3}
  m_PrefabInstance: {fileID: 387387895002688372}
  m_PrefabAsset: {fileID: 0}
