%YAML 1.1
%TAG !u! tag:unity3d.com,2011:
--- !u!1 &332104666255858906
GameObject:
  m_ObjectHideFlags: 0
  m_CorrespondingSourceObject: {fileID: 0}
  m_PrefabInstance: {fileID: 0}
  m_PrefabAsset: {fileID: 0}
  serializedVersion: 6
  m_Component:
  - component: {fileID: 3786616733992585575}
  - component: {fileID: 1537126767768061556}
  - component: {fileID: 4322076757584850668}
  - component: {fileID: 6077665087066292640}
  - component: {fileID: 8523006231170180293}
  - component: {fileID: -1400695039566530725}
  m_Layer: 9
  m_Name: pozo
  m_TagString: Untagged
  m_Icon: {fileID: 0}
  m_NavMeshLayer: 0
  m_StaticEditorFlags: 0
  m_IsActive: 1
--- !u!4 &3786616733992585575
Transform:
  m_ObjectHideFlags: 0
  m_CorrespondingSourceObject: {fileID: 0}
  m_PrefabInstance: {fileID: 0}
  m_PrefabAsset: {fileID: 0}
  m_GameObject: {fileID: 332104666255858906}
  m_LocalRotation: {x: -0, y: -0, z: -0, w: 1}
  m_LocalPosition: {x: -24.9, y: -126.9, z: 0}
  m_LocalScale: {x: 1, y: 1, z: 1}
  m_Children:
  - {fileID: 5544695227484188479}
  - {fileID: 6708071986040444403}
  m_Father: {fileID: 0}
  m_RootOrder: 0
  m_LocalEulerAnglesHint: {x: 0, y: 0, z: 0}
--- !u!212 &1537126767768061556
SpriteRenderer:
  m_ObjectHideFlags: 0
  m_CorrespondingSourceObject: {fileID: 0}
  m_PrefabInstance: {fileID: 0}
  m_PrefabAsset: {fileID: 0}
  m_GameObject: {fileID: 332104666255858906}
  m_Enabled: 1
  m_CastShadows: 0
  m_ReceiveShadows: 0
  m_DynamicOccludee: 1
  m_MotionVectors: 1
  m_LightProbeUsage: 1
  m_ReflectionProbeUsage: 1
  m_RayTracingMode: 0
  m_RenderingLayerMask: 1
  m_RendererPriority: 0
  m_Materials:
  - {fileID: 2100000, guid: a97c105638bdf8b4a8650670310a4cd3, type: 2}
  m_StaticBatchInfo:
    firstSubMesh: 0
    subMeshCount: 0
  m_StaticBatchRoot: {fileID: 0}
  m_ProbeAnchor: {fileID: 0}
  m_LightProbeVolumeOverride: {fileID: 0}
  m_ScaleInLightmap: 1
  m_ReceiveGI: 1
  m_PreserveUVs: 0
  m_IgnoreNormalsForChartDetection: 0
  m_ImportantGI: 0
  m_StitchLightmapSeams: 1
  m_SelectedEditorRenderState: 0
  m_MinimumChartSize: 4
  m_AutoUVMaxDistance: 0.5
  m_AutoUVMaxAngle: 89
  m_LightmapParameters: {fileID: 0}
  m_SortingLayerID: 0
  m_SortingLayer: 0
  m_SortingOrder: 0
  m_Sprite: {fileID: 21300000, guid: cc4a9a2ff5676bc42be31d7109a391ed, type: 3}
  m_Color: {r: 1, g: 1, b: 1, a: 1}
  m_FlipX: 0
  m_FlipY: 0
  m_DrawMode: 0
  m_Size: {x: 4.75, y: 4.37}
  m_AdaptiveModeThreshold: 0.5
  m_SpriteTileMode: 0
  m_WasSpriteAssigned: 1
  m_MaskInteraction: 0
  m_SpriteSortPoint: 0
--- !u!61 &4322076757584850668
BoxCollider2D:
  m_ObjectHideFlags: 0
  m_CorrespondingSourceObject: {fileID: 0}
  m_PrefabInstance: {fileID: 0}
  m_PrefabAsset: {fileID: 0}
  m_GameObject: {fileID: 332104666255858906}
  m_Enabled: 1
  m_Density: 1
  m_Material: {fileID: 0}
  m_IsTrigger: 0
  m_UsedByEffector: 0
  m_UsedByComposite: 0
  m_Offset: {x: 0, y: 0}
  m_SpriteTilingProperty:
    border: {x: 0, y: 0, z: 0, w: 0}
    pivot: {x: 0.5, y: 0.5}
    oldSize: {x: 4.75, y: 4.37}
    newSize: {x: 4.75, y: 4.37}
    adaptiveTilingThreshold: 0.5
    drawMode: 0
    adaptiveTiling: 0
  m_AutoTiling: 0
  serializedVersion: 2
  m_Size: {x: 4.75, y: 4.37}
  m_EdgeRadius: 0
--- !u!95 &6077665087066292640
Animator:
  serializedVersion: 3
  m_ObjectHideFlags: 0
  m_CorrespondingSourceObject: {fileID: 0}
  m_PrefabInstance: {fileID: 0}
  m_PrefabAsset: {fileID: 0}
  m_GameObject: {fileID: 332104666255858906}
  m_Enabled: 1
  m_Avatar: {fileID: 0}
  m_Controller: {fileID: 9100000, guid: 3e1c134c6d1f0d14c80aceb9cbe636f4, type: 2}
  m_CullingMode: 0
  m_UpdateMode: 0
  m_ApplyRootMotion: 0
  m_LinearVelocityBlending: 0
  m_WarningMessage: 
  m_HasTransformHierarchy: 1
  m_AllowConstantClipSamplingOptimization: 1
  m_KeepAnimatorControllerStateOnDisable: 0
--- !u!114 &8523006231170180293
MonoBehaviour:
  m_ObjectHideFlags: 0
  m_CorrespondingSourceObject: {fileID: 0}
  m_PrefabInstance: {fileID: 0}
  m_PrefabAsset: {fileID: 0}
  m_GameObject: {fileID: 332104666255858906}
  m_Enabled: 1
  m_EditorHideFlags: 0
  m_Script: {fileID: 11500000, guid: 6851d3f45fd334beb9d5c2d637198f41, type: 3}
  m_Name: 
  m_EditorClassIdentifier: 
  triggerList: f7e1664c
  useOtherObject: 0
  data:
    idInternal: 0
    valueGuidInternal: 
    WwiseObjectReference: {fileID: 11400000, guid: c295645221a6744baa7fc2e426d6bed7,
      type: 2}
  decodeBank: 0
  loadAsynchronous: 0
  saveDecodedBank: 0
  unloadTriggerList: 958ca0ea
  bankNameInternal: 
  valueGuidInternal: 
--- !u!114 &-1400695039566530725
MonoBehaviour:
  m_ObjectHideFlags: 0
  m_CorrespondingSourceObject: {fileID: 0}
  m_PrefabInstance: {fileID: 0}
  m_PrefabAsset: {fileID: 0}
  m_GameObject: {fileID: 332104666255858906}
  m_Enabled: 1
  m_EditorHideFlags: 0
  m_Script: {fileID: 11500000, guid: 8572c4ac40df44743bdd8b68ed6e354e, type: 3}
  m_Name: 
  m_EditorClassIdentifier: 
  MyEvent:
    idInternal: 0
    valueGuidInternal: 
    WwiseObjectReference: {fileID: 11400000, guid: 800c69d3ce8ed478c879f36eaf0ae5b7,
      type: 2}
--- !u!1 &1924467841687877867
GameObject:
  m_ObjectHideFlags: 0
  m_CorrespondingSourceObject: {fileID: 0}
  m_PrefabInstance: {fileID: 0}
  m_PrefabAsset: {fileID: 0}
  serializedVersion: 6
  m_Component:
  - component: {fileID: 6842801812975010613}
  - component: {fileID: 7655584715650010995}
  - component: {fileID: 6083300433895197715}
  - component: {fileID: 7538212928654920992}
  - component: {fileID: 688939799617551678}
  - component: {fileID: 4574213265496085318}
  - component: {fileID: 4574213265496085315}
  - component: {fileID: 4574213265496085308}
  - component: {fileID: 1451608386249654206}
  - component: {fileID: 8875562666384912556}
  - component: {fileID: 6538767383708582956}
  - component: {fileID: 6414957915139574770}
  m_Layer: 9
  m_Name: Interactable
  m_TagString: Untagged
  m_Icon: {fileID: 0}
  m_NavMeshLayer: 0
  m_StaticEditorFlags: 0
  m_IsActive: 0
--- !u!4 &6842801812975010613
Transform:
  m_ObjectHideFlags: 0
  m_CorrespondingSourceObject: {fileID: 0}
  m_PrefabInstance: {fileID: 0}
  m_PrefabAsset: {fileID: 0}
  m_GameObject: {fileID: 1924467841687877867}
  m_LocalRotation: {x: 0, y: 0, z: 0, w: 1}
  m_LocalPosition: {x: 0.09, y: -0.03, z: 0}
  m_LocalScale: {x: 1, y: 1, z: 1}
  m_Children: []
  m_Father: {fileID: 6708071986040444403}
  m_RootOrder: 0
  m_LocalEulerAnglesHint: {x: 0, y: 0, z: 0}
--- !u!58 &7655584715650010995
CircleCollider2D:
  m_ObjectHideFlags: 0
  m_CorrespondingSourceObject: {fileID: 0}
  m_PrefabInstance: {fileID: 0}
  m_PrefabAsset: {fileID: 0}
  m_GameObject: {fileID: 1924467841687877867}
  m_Enabled: 1
  m_Density: 1
  m_Material: {fileID: 0}
  m_IsTrigger: 1
  m_UsedByEffector: 0
  m_UsedByComposite: 0
  m_Offset: {x: 0, y: 0}
  serializedVersion: 2
  m_Radius: 6
--- !u!114 &6083300433895197715
MonoBehaviour:
  m_ObjectHideFlags: 0
  m_CorrespondingSourceObject: {fileID: 0}
  m_PrefabInstance: {fileID: 0}
  m_PrefabAsset: {fileID: 0}
  m_GameObject: {fileID: 1924467841687877867}
  m_Enabled: 1
  m_EditorHideFlags: 0
  m_Script: {fileID: 11500000, guid: 818329965ba0a4a46b18e94ecddb6c84, type: 3}
  m_Name: 
  m_EditorClassIdentifier: 
  Trigger: {fileID: 4574213265496085308}
--- !u!114 &7538212928654920992
MonoBehaviour:
  m_ObjectHideFlags: 0
  m_CorrespondingSourceObject: {fileID: 0}
  m_PrefabInstance: {fileID: 0}
  m_PrefabAsset: {fileID: 0}
  m_GameObject: {fileID: 1924467841687877867}
  m_Enabled: 1
  m_EditorHideFlags: 0
  m_Script: {fileID: 11500000, guid: a6a2adb0c6fef8644aa32db61c0841ac, type: 3}
  m_Name: 
  m_EditorClassIdentifier: 
  showTriggerInterface: 1
  IsDisabled: 0
  name: Pozo Dialog
  MaxActivationTimes: 0
  EventSource: {fileID: 0}
  StringParameter: 
  FloatParameter: 0
  ignoreDisabled: 0
  showAmethyst_MonologueTrigger: 1
  I18nFolder: Dungeon
  I18nName: Pozo
  callback: {fileID: 4574213265496085315}
--- !u!114 &688939799617551678
MonoBehaviour:
  m_ObjectHideFlags: 0
  m_CorrespondingSourceObject: {fileID: 0}
  m_PrefabInstance: {fileID: 0}
  m_PrefabAsset: {fileID: 0}
  m_GameObject: {fileID: 1924467841687877867}
  m_Enabled: 1
  m_EditorHideFlags: 0
  m_Script: {fileID: 11500000, guid: 280ba86b3cc4c0a4ba305f167795bbb0, type: 3}
  m_Name: 
  m_EditorClassIdentifier: 
  showTriggerInterface: 0
  IsDisabled: 0
  name: Close Dialog
  MaxActivationTimes: 0
  EventSource: {fileID: 0}
  StringParameter: 
  FloatParameter: 0
  ignoreDisabled: 0
--- !u!114 &4574213265496085318
MonoBehaviour:
  m_ObjectHideFlags: 0
  m_CorrespondingSourceObject: {fileID: 0}
  m_PrefabInstance: {fileID: 0}
  m_PrefabAsset: {fileID: 0}
  m_GameObject: {fileID: 1924467841687877867}
  m_Enabled: 1
  m_EditorHideFlags: 0
  m_Script: {fileID: 11500000, guid: 10a787499ac7a0c44896f367f83a10b7, type: 3}
  m_Name: 
  m_EditorClassIdentifier: 
  showTriggerInterface: 0
  IsDisabled: 0
  name: save data
  MaxActivationTimes: 0
  EventSource: {fileID: 0}
  StringParameter: 
  FloatParameter: 0
  ignoreDisabled: 0
--- !u!114 &4574213265496085315
MonoBehaviour:
  m_ObjectHideFlags: 0
  m_CorrespondingSourceObject: {fileID: 0}
  m_PrefabInstance: {fileID: 0}
  m_PrefabAsset: {fileID: 0}
  m_GameObject: {fileID: 1924467841687877867}
  m_Enabled: 1
  m_EditorHideFlags: 0
  m_Script: {fileID: 11500000, guid: 107eb833122e64684bdb683e0452051f, type: 3}
  m_Name: 
  m_EditorClassIdentifier: 
  showTriggerInterface: 1
  IsDisabled: 0
  name: Pozo Heal
  MaxActivationTimes: 0
  EventSource: {fileID: 0}
  StringParameter: 
  FloatParameter: 0
  ignoreDisabled: 0
  showGroupTrigger: 1
  Triggers:
  - {fileID: 1451608386249654206}
  - {fileID: 8875562666384912556}
  - {fileID: 4574213265496085318}
--- !u!114 &4574213265496085308
MonoBehaviour:
  m_ObjectHideFlags: 0
  m_CorrespondingSourceObject: {fileID: 0}
  m_PrefabInstance: {fileID: 0}
  m_PrefabAsset: {fileID: 0}
  m_GameObject: {fileID: 1924467841687877867}
  m_Enabled: 1
  m_EditorHideFlags: 0
  m_Script: {fileID: 11500000, guid: 3aa2c8f3a165d4872a03be3c3c565d24, type: 3}
  m_Name: 
  m_EditorClassIdentifier: 
  showTriggerInterface: 1
  IsDisabled: 0
  name: Paso a paso del pozo
  MaxActivationTimes: 0
  EventSource: {fileID: 0}
  StringParameter: 
  FloatParameter: 0
  ignoreDisabled: 0
  showTriggerFireableSequence: 1
  Triggers:
  - Label: Show Dialog
    TriggerToFire: {fileID: 7538212928654920992}
  - Label: Heal
    TriggerToFire: {fileID: 4574213265496085315}
  - Label: Close Dialog
    TriggerToFire: {fileID: 688939799617551678}
  loop: 1
--- !u!114 &1451608386249654206
MonoBehaviour:
  m_ObjectHideFlags: 0
  m_CorrespondingSourceObject: {fileID: 0}
  m_PrefabInstance: {fileID: 0}
  m_PrefabAsset: {fileID: 0}
  m_GameObject: {fileID: 1924467841687877867}
  m_Enabled: 1
  m_EditorHideFlags: 0
  m_Script: {fileID: 11500000, guid: e18eadbcf6190564cae423c53a25df26, type: 3}
  m_Name: 
  m_EditorClassIdentifier: 
  showTriggerInterface: 0
  IsDisabled: 0
  name: Heal
  MaxActivationTimes: 0
  EventSource: {fileID: 0}
  StringParameter: 
  FloatParameter: 0
  ignoreDisabled: 0
  Amount: 100
--- !u!114 &8875562666384912556
MonoBehaviour:
  m_ObjectHideFlags: 0
  m_CorrespondingSourceObject: {fileID: 0}
  m_PrefabInstance: {fileID: 0}
  m_PrefabAsset: {fileID: 0}
  m_GameObject: {fileID: 1924467841687877867}
  m_Enabled: 1
  m_EditorHideFlags: 0
  m_Script: {fileID: 11500000, guid: 107eb833122e64684bdb683e0452051f, type: 3}
  m_Name: 
  m_EditorClassIdentifier: 
  showTriggerInterface: 1
  IsDisabled: 0
  name: Sound and Light animation
  MaxActivationTimes: 0
  EventSource: {fileID: 0}
  StringParameter: 
  FloatParameter: 0
  ignoreDisabled: 0
  showGroupTrigger: 0
  Triggers:
  - {fileID: 6538767383708582956}
--- !u!114 &6538767383708582956
MonoBehaviour:
  m_ObjectHideFlags: 0
  m_CorrespondingSourceObject: {fileID: 0}
  m_PrefabInstance: {fileID: 0}
  m_PrefabAsset: {fileID: 0}
  m_GameObject: {fileID: 1924467841687877867}
  m_Enabled: 1
  m_EditorHideFlags: 0
  m_Script: {fileID: 11500000, guid: 2f28fed32cf3840a495dada75f80e7e5, type: 3}
  m_Name: 
  m_EditorClassIdentifier: 
  showTriggerInterface: 0
  IsDisabled: 0
  name: 
  MaxActivationTimes: 0
  EventSource: {fileID: 0}
  StringParameter: 
  FloatParameter: 0
  ignoreDisabled: 0
  showAnimationParameterTrigger: 1
  Animator: {fileID: 6077665087066292640}
  Type: 3
  ParameterName: Heal
  FloatValue: 0
  IntegerValue: 0
  BoolValue: 0
--- !u!114 &6414957915139574770
MonoBehaviour:
  m_ObjectHideFlags: 0
  m_CorrespondingSourceObject: {fileID: 0}
  m_PrefabInstance: {fileID: 0}
  m_PrefabAsset: {fileID: 0}
  m_GameObject: {fileID: 1924467841687877867}
  m_Enabled: 1
  m_EditorHideFlags: 0
  m_Script: {fileID: 11500000, guid: dc3c52f6468526f499f43c81b6d84de0, type: 3}
  m_Name: 
  m_EditorClassIdentifier: 
  EventName: PlayerInteract
  OnEvent: {fileID: 4574213265496085308}
--- !u!1 &5921210825429182986
GameObject:
  m_ObjectHideFlags: 0
  m_CorrespondingSourceObject: {fileID: 0}
  m_PrefabInstance: {fileID: 0}
  m_PrefabAsset: {fileID: 0}
  serializedVersion: 6
  m_Component:
  - component: {fileID: 5544695227484188479}
  - component: {fileID: 2093573467997750123}
  m_Layer: 9
  m_Name: Point Light 2D
  m_TagString: Untagged
  m_Icon: {fileID: 0}
  m_NavMeshLayer: 0
  m_StaticEditorFlags: 0
  m_IsActive: 1
--- !u!4 &5544695227484188479
Transform:
  m_ObjectHideFlags: 0
  m_CorrespondingSourceObject: {fileID: 0}
  m_PrefabInstance: {fileID: 0}
  m_PrefabAsset: {fileID: 0}
  m_GameObject: {fileID: 5921210825429182986}
  m_LocalRotation: {x: 0, y: 0, z: 0, w: 1}
  m_LocalPosition: {x: 0, y: 0, z: 0}
  m_LocalScale: {x: 1, y: 1, z: 1}
  m_Children: []
  m_Father: {fileID: 3786616733992585575}
  m_RootOrder: 0
  m_LocalEulerAnglesHint: {x: 0, y: 0, z: 0}
--- !u!114 &2093573467997750123
MonoBehaviour:
  m_ObjectHideFlags: 0
  m_CorrespondingSourceObject: {fileID: 0}
  m_PrefabInstance: {fileID: 0}
  m_PrefabAsset: {fileID: 0}
  m_GameObject: {fileID: 5921210825429182986}
  m_Enabled: 1
  m_EditorHideFlags: 0
  m_Script: {fileID: 11500000, guid: 073797afb82c5a1438f328866b10b3f0, type: 3}
  m_Name: 
  m_EditorClassIdentifier: 
  m_LightType: 3
  m_BlendStyleIndex: 0
  m_FalloffIntensity: 0.737
  m_Color: {r: 0.4198113, g: 1, b: 1, a: 1}
  m_Intensity: 2
  m_LightVolumeOpacity: 0
  m_ApplyToSortingLayers: 03f8521f497bcdc900000000890b53785b0c397c01fb04eecdd7e4d8
  m_LightCookieSprite: {fileID: 0}
  m_UseNormalMap: 0
  m_LightOrder: 0
  m_AlphaBlendOnOverlap: 0
  m_ShadowIntensity: 0
  m_ShadowVolumeIntensity: 0
  m_PointLightInnerAngle: 360
  m_PointLightOuterAngle: 360
  m_PointLightInnerRadius: 0
  m_PointLightOuterRadius: 8
  m_PointLightDistance: 3
  m_PointLightQuality: 1
  m_ShapeLightParametricSides: 5
  m_ShapeLightParametricAngleOffset: 0
  m_ShapeLightParametricRadius: 1
  m_ShapeLightFalloffSize: 0.5
  m_ShapeLightFalloffOffset: {x: 0, y: 0}
  m_ShapePath:
  - {x: -0.5, y: -0.5, z: 0}
  - {x: 0.5, y: -0.5, z: 0}
  - {x: 0.5, y: 0.5, z: 0}
  - {x: -0.5, y: 0.5, z: 0}
--- !u!1 &8714915469515190131
GameObject:
  m_ObjectHideFlags: 0
  m_CorrespondingSourceObject: {fileID: 0}
  m_PrefabInstance: {fileID: 0}
  m_PrefabAsset: {fileID: 0}
  serializedVersion: 6
  m_Component:
  - component: {fileID: 6708071986040444403}
  - component: {fileID: 84323216640149222}
  - component: {fileID: 8600129940951882571}
  - component: {fileID: 3430751786471805682}
  - component: {fileID: 6668957791859416705}
  - component: {fileID: 1209103895246252445}
  - component: {fileID: 8907666554642804812}
  - component: {fileID: 3966310020064528536}
  - component: {fileID: 4574213265054623801}
  m_Layer: 0
  m_Name: DialogBoxTrigger
  m_TagString: Untagged
  m_Icon: {fileID: 0}
  m_NavMeshLayer: 0
  m_StaticEditorFlags: 0
  m_IsActive: 1
--- !u!4 &6708071986040444403
Transform:
  m_ObjectHideFlags: 0
  m_CorrespondingSourceObject: {fileID: 0}
  m_PrefabInstance: {fileID: 0}
  m_PrefabAsset: {fileID: 0}
  m_GameObject: {fileID: 8714915469515190131}
  m_LocalRotation: {x: 0, y: 0, z: 0, w: 1}
  m_LocalPosition: {x: 0, y: 0, z: 0}
  m_LocalScale: {x: 1, y: 1, z: 1}
  m_Children:
  - {fileID: 6842801812975010613}
  m_Father: {fileID: 3786616733992585575}
  m_RootOrder: 1
  m_LocalEulerAnglesHint: {x: 0, y: 0, z: 0}
--- !u!114 &84323216640149222
MonoBehaviour:
  m_ObjectHideFlags: 0
  m_CorrespondingSourceObject: {fileID: 0}
  m_PrefabInstance: {fileID: 0}
  m_PrefabAsset: {fileID: 0}
  m_GameObject: {fileID: 8714915469515190131}
  m_Enabled: 1
  m_EditorHideFlags: 0
  m_Script: {fileID: 11500000, guid: b0e23f5672a5b4a87972ddc14038ab70, type: 3}
  m_Name: 
  m_EditorClassIdentifier: 
  OnEnter: {fileID: 6668957791859416705}
  EnterAndExitExclusive: 1
  OnExit: {fileID: 8907666554642804812}
  FilterLayer:
    serializedVersion: 2
    m_Bits: 2304
  TargetOnEnter: {fileID: 0}
  TargetOnExit: {fileID: 0}
--- !u!114 &8600129940951882571
MonoBehaviour:
  m_ObjectHideFlags: 0
  m_CorrespondingSourceObject: {fileID: 0}
  m_PrefabInstance: {fileID: 0}
  m_PrefabAsset: {fileID: 0}
  m_GameObject: {fileID: 8714915469515190131}
  m_Enabled: 1
  m_EditorHideFlags: 0
  m_Script: {fileID: 11500000, guid: 5b8e57d7130d1814495abd3ad99f6818, type: 3}
  m_Name: 
  m_EditorClassIdentifier: 
  showTriggerInterface: 1
  IsDisabled: 0
  name: Enable Dialog Interaction
  MaxActivationTimes: 0
  EventSource: {fileID: 0}
  StringParameter: 
  FloatParameter: 0
  ignoreDisabled: 0
  showGenericEventTrigger: 1
  EventName: Change Interact Button
  EventParameter: CauldronNear
  EventNumber: 0
--- !u!114 &3430751786471805682
MonoBehaviour:
  m_ObjectHideFlags: 0
  m_CorrespondingSourceObject: {fileID: 0}
  m_PrefabInstance: {fileID: 0}
  m_PrefabAsset: {fileID: 0}
  m_GameObject: {fileID: 8714915469515190131}
  m_Enabled: 1
  m_EditorHideFlags: 0
  m_Script: {fileID: 11500000, guid: 5b8e57d7130d1814495abd3ad99f6818, type: 3}
  m_Name: 
  m_EditorClassIdentifier: 
  showTriggerInterface: 0
  IsDisabled: 0
  name: Disable Dialog Interaction
  MaxActivationTimes: 0
  EventSource: {fileID: 0}
  StringParameter: 
  FloatParameter: 0
  ignoreDisabled: 0
  showGenericEventTrigger: 1
  EventName: Change Interact Button
  EventParameter: CauldronFar
  EventNumber: 0
--- !u!114 &6668957791859416705
MonoBehaviour:
  m_ObjectHideFlags: 0
  m_CorrespondingSourceObject: {fileID: 0}
  m_PrefabInstance: {fileID: 0}
  m_PrefabAsset: {fileID: 0}
  m_GameObject: {fileID: 8714915469515190131}
  m_Enabled: 1
  m_EditorHideFlags: 0
  m_Script: {fileID: 11500000, guid: 107eb833122e64684bdb683e0452051f, type: 3}
  m_Name: 
  m_EditorClassIdentifier: 
  showTriggerInterface: 1
  IsDisabled: 0
  name: Enable Dialog Interaction
  MaxActivationTimes: 0
  EventSource: {fileID: 0}
  StringParameter: 
  FloatParameter: 0
  ignoreDisabled: 0
  showGroupTrigger: 1
  Triggers:
  - {fileID: 8600129940951882571}
  - {fileID: 1209103895246252445}
--- !u!114 &1209103895246252445
MonoBehaviour:
  m_ObjectHideFlags: 0
  m_CorrespondingSourceObject: {fileID: 0}
  m_PrefabInstance: {fileID: 0}
  m_PrefabAsset: {fileID: 0}
  m_GameObject: {fileID: 8714915469515190131}
  m_Enabled: 1
  m_EditorHideFlags: 0
  m_Script: {fileID: 11500000, guid: b6f67d5f48ac246f080530d32eef6a4b, type: 3}
  m_Name: 
  m_EditorClassIdentifier: 
  showTriggerInterface: 0
  IsDisabled: 0
  name: Enable Interactable
  MaxActivationTimes: 0
  EventSource: {fileID: 0}
  StringParameter: 
  FloatParameter: 0
  ignoreDisabled: 0
  TheObject: {fileID: 1924467841687877867}
--- !u!114 &8907666554642804812
MonoBehaviour:
  m_ObjectHideFlags: 0
  m_CorrespondingSourceObject: {fileID: 0}
  m_PrefabInstance: {fileID: 0}
  m_PrefabAsset: {fileID: 0}
  m_GameObject: {fileID: 8714915469515190131}
  m_Enabled: 1
  m_EditorHideFlags: 0
  m_Script: {fileID: 11500000, guid: 107eb833122e64684bdb683e0452051f, type: 3}
  m_Name: 
  m_EditorClassIdentifier: 
  showTriggerInterface: 0
  IsDisabled: 0
  name: Disable Dialog Interaction
  MaxActivationTimes: 0
  EventSource: {fileID: 0}
  StringParameter: 
  FloatParameter: 0
  ignoreDisabled: 0
  showGroupTrigger: 1
  Triggers:
  - {fileID: 3430751786471805682}
  - {fileID: 3966310020064528536}
--- !u!114 &3966310020064528536
MonoBehaviour:
  m_ObjectHideFlags: 0
  m_CorrespondingSourceObject: {fileID: 0}
  m_PrefabInstance: {fileID: 0}
  m_PrefabAsset: {fileID: 0}
  m_GameObject: {fileID: 8714915469515190131}
  m_Enabled: 1
  m_EditorHideFlags: 0
  m_Script: {fileID: 11500000, guid: dcbaf58032609435f929332858abad14, type: 3}
  m_Name: 
  m_EditorClassIdentifier: 
  showTriggerInterface: 0
  IsDisabled: 0
  name: Disable Interactable
  MaxActivationTimes: 0
  EventSource: {fileID: 0}
  StringParameter: 
  FloatParameter: 0
  ignoreDisabled: 0
  TheObject: {fileID: 1924467841687877867}
--- !u!61 &4574213265054623801
BoxCollider2D:
  m_ObjectHideFlags: 0
  m_CorrespondingSourceObject: {fileID: 0}
  m_PrefabInstance: {fileID: 0}
  m_PrefabAsset: {fileID: 0}
  m_GameObject: {fileID: 8714915469515190131}
  m_Enabled: 1
  m_Density: 1
  m_Material: {fileID: 0}
  m_IsTrigger: 1
  m_UsedByEffector: 0
  m_UsedByComposite: 0
  m_Offset: {x: 0.15495396, y: -0.08553314}
  m_SpriteTilingProperty:
    border: {x: 0, y: 0, z: 0, w: 0}
    pivot: {x: 0, y: 0}
    oldSize: {x: 0, y: 0}
    newSize: {x: 0, y: 0}
    adaptiveTilingThreshold: 0
    drawMode: 0
    adaptiveTiling: 0
  m_AutoTiling: 0
  serializedVersion: 2
  m_Size: {x: 12.024843, y: 8.727539}
  m_EdgeRadius: 0
