%YAML 1.1
%TAG !u! tag:unity3d.com,2011:
--- !u!1 &301019882207422537
GameObject:
  m_ObjectHideFlags: 0
  m_CorrespondingSourceObject: {fileID: 0}
  m_PrefabInstance: {fileID: 0}
  m_PrefabAsset: {fileID: 0}
  serializedVersion: 6
  m_Component:
  - component: {fileID: 2917816662437696434}
  - component: {fileID: 2238082446051903642}
  - component: {fileID: 4064014624129170930}
  - component: {fileID: 5442979410378087034}
  - component: {fileID: 604019204442571644}
  - component: {fileID: 3725359040237605971}
  - component: {fileID: 7091866000021495515}
  m_Layer: 0
  m_Name: CoffinChanceSpawner
  m_TagString: Untagged
  m_Icon: {fileID: 0}
  m_NavMeshLayer: 0
  m_StaticEditorFlags: 0
  m_IsActive: 1
--- !u!4 &2917816662437696434
Transform:
  m_ObjectHideFlags: 0
  m_CorrespondingSourceObject: {fileID: 0}
  m_PrefabInstance: {fileID: 0}
  m_PrefabAsset: {fileID: 0}
  m_GameObject: {fileID: 301019882207422537}
  m_LocalRotation: {x: 0, y: 0, z: 0, w: 1}
  m_LocalPosition: {x: 0, y: 0, z: 0}
  m_LocalScale: {x: 1, y: 1, z: 1}
  m_Children: []
  m_Father: {fileID: 0}
  m_RootOrder: 0
  m_LocalEulerAnglesHint: {x: 0, y: 0, z: 0}
--- !u!114 &2238082446051903642
MonoBehaviour:
  m_ObjectHideFlags: 0
  m_CorrespondingSourceObject: {fileID: 0}
  m_PrefabInstance: {fileID: 0}
  m_PrefabAsset: {fileID: 0}
  m_GameObject: {fileID: 301019882207422537}
  m_Enabled: 1
  m_EditorHideFlags: 0
  m_Script: {fileID: 11500000, guid: ef39257afa46f41c48a26c4887bfe385, type: 3}
  m_Name: 
  m_EditorClassIdentifier: 
  Trigger: {fileID: 4064014624129170930}
--- !u!114 &4064014624129170930
MonoBehaviour:
  m_ObjectHideFlags: 0
  m_CorrespondingSourceObject: {fileID: 0}
  m_PrefabInstance: {fileID: 0}
  m_PrefabAsset: {fileID: 0}
  m_GameObject: {fileID: 301019882207422537}
  m_Enabled: 1
  m_EditorHideFlags: 0
  m_Script: {fileID: 11500000, guid: 8fc7393d00d8c41c88e2709ac67d16b6, type: 3}
  m_Name: 
  m_EditorClassIdentifier: 
  showTriggerInterface: 0
  IsDisabled: 0
  name: Coffin Spawn Chance
  MaxActivationTimes: 0
  StringParameter: 
  FloatParameter: 0
  Items:
  - TriggerToFire: {fileID: 5442979410378087034}
    Chances: 75
  - TriggerToFire: {fileID: 604019204442571644}
    Chances: 25
  - TriggerToFire: {fileID: 3725359040237605971}
    Chances: 0
  - TriggerToFire: {fileID: 7091866000021495515}
    Chances: 0
--- !u!114 &5442979410378087034
MonoBehaviour:
  m_ObjectHideFlags: 0
  m_CorrespondingSourceObject: {fileID: 0}
  m_PrefabInstance: {fileID: 0}
  m_PrefabAsset: {fileID: 0}
  m_GameObject: {fileID: 301019882207422537}
  m_Enabled: 1
  m_EditorHideFlags: 0
  m_Script: {fileID: 11500000, guid: 48870e1e8b71f43549035f366555a16a, type: 3}
  m_Name: 
  m_EditorClassIdentifier: 
  showTriggerInterface: 1
  IsDisabled: 0
  name: CommonCoffin
  MaxActivationTimes: 0
  StringParameter: 
  FloatParameter: 0
  showSpawnTrigger: 1
  showPreview: 0
  prefabChanged: 1
  Prefab: {fileID: 3872764404707486813, guid: 99219862a4b3fca418f23818b16ff5a9, type: 3}
  Parent: {fileID: 301019882207422537}
  Bounds: {fileID: 0}
  Anchor: 0
  SpawnInitializator: {fileID: 0}
  SpawnInitializatorTriggerLabel: 
--- !u!114 &604019204442571644
MonoBehaviour:
  m_ObjectHideFlags: 0
  m_CorrespondingSourceObject: {fileID: 0}
  m_PrefabInstance: {fileID: 0}
  m_PrefabAsset: {fileID: 0}
  m_GameObject: {fileID: 301019882207422537}
  m_Enabled: 1
  m_EditorHideFlags: 0
  m_Script: {fileID: 11500000, guid: 48870e1e8b71f43549035f366555a16a, type: 3}
  m_Name: 
  m_EditorClassIdentifier: 
  showTriggerInterface: 1
  IsDisabled: 0
  name: BronceCoffin
  MaxActivationTimes: 0
  StringParameter: 
  FloatParameter: 0
  showSpawnTrigger: 1
  showPreview: 0
  prefabChanged: 1
  Prefab: {fileID: 3872764404707486813, guid: 7ebcd9051fa37bb4995c11270e8c8aad, type: 3}
  Parent: {fileID: 301019882207422537}
  Bounds: {fileID: 0}
  Anchor: 0
  SpawnInitializator: {fileID: 0}
  SpawnInitializatorTriggerLabel: 
--- !u!114 &3725359040237605971
MonoBehaviour:
  m_ObjectHideFlags: 0
  m_CorrespondingSourceObject: {fileID: 0}
  m_PrefabInstance: {fileID: 0}
  m_PrefabAsset: {fileID: 0}
  m_GameObject: {fileID: 301019882207422537}
  m_Enabled: 1
  m_EditorHideFlags: 0
  m_Script: {fileID: 11500000, guid: 48870e1e8b71f43549035f366555a16a, type: 3}
  m_Name: 
  m_EditorClassIdentifier: 
  showTriggerInterface: 1
  IsDisabled: 0
  name: SilverCoffin
  MaxActivationTimes: 0
  StringParameter: 
  FloatParameter: 0
  showSpawnTrigger: 1
  showPreview: 0
  prefabChanged: 1
  Prefab: {fileID: 3872764404707486813, guid: 8511b34cfb9b9ae45a6bb2ccd0f916d0, type: 3}
  Parent: {fileID: 301019882207422537}
  Bounds: {fileID: 0}
  Anchor: 0
  SpawnInitializator: {fileID: 0}
  SpawnInitializatorTriggerLabel: 
--- !u!114 &7091866000021495515
MonoBehaviour:
  m_ObjectHideFlags: 0
  m_CorrespondingSourceObject: {fileID: 0}
  m_PrefabInstance: {fileID: 0}
  m_PrefabAsset: {fileID: 0}
  m_GameObject: {fileID: 301019882207422537}
  m_Enabled: 1
  m_EditorHideFlags: 0
  m_Script: {fileID: 11500000, guid: 48870e1e8b71f43549035f366555a16a, type: 3}
  m_Name: 
  m_EditorClassIdentifier: 
  showTriggerInterface: 1
  IsDisabled: 0
  name: GoldCoffin
  MaxActivationTimes: 0
  StringParameter: 
  FloatParameter: 0
  showSpawnTrigger: 1
  showPreview: 0
  prefabChanged: 1
  Prefab: {fileID: 3872764404707486813, guid: 737054099c5b81f409c33280a8591058, type: 3}
  Parent: {fileID: 301019882207422537}
  Bounds: {fileID: 0}
  Anchor: 0
  SpawnInitializator: {fileID: 0}
  SpawnInitializatorTriggerLabel: 
