%YAML 1.1
%TAG !u! tag:unity3d.com,2011:
--- !u!1 &1755312642444111036
GameObject:
  m_ObjectHideFlags: 0
  m_CorrespondingSourceObject: {fileID: 0}
  m_PrefabInstance: {fileID: 0}
  m_PrefabAsset: {fileID: 0}
  serializedVersion: 6
  m_Component:
  - component: {fileID: 5136858049803675975}
  - component: {fileID: 5473080172904558991}
  - component: {fileID: 5708305264922605183}
  - component: {fileID: 4893553490436941353}
  - component: {fileID: 9093080855890785509}
  - component: {fileID: 5601697325442794586}
  m_Layer: 8
  m_Name: NextSection
  m_TagString: Untagged
  m_Icon: {fileID: 0}
  m_NavMeshLayer: 0
  m_StaticEditorFlags: 0
  m_IsActive: 1
--- !u!4 &5136858049803675975
Transform:
  m_ObjectHideFlags: 0
  m_CorrespondingSourceObject: {fileID: 0}
  m_PrefabInstance: {fileID: 0}
  m_PrefabAsset: {fileID: 0}
  m_GameObject: {fileID: 1755312642444111036}
  m_LocalRotation: {x: 0, y: 0, z: 0, w: 1}
  m_LocalPosition: {x: 0, y: 0, z: 0}
  m_LocalScale: {x: 1, y: 1, z: 1}
  m_Children: []
  m_Father: {fileID: 0}
  m_RootOrder: 0
  m_LocalEulerAnglesHint: {x: 0, y: 0, z: 0}
--- !u!114 &5473080172904558991
MonoBehaviour:
  m_ObjectHideFlags: 0
  m_CorrespondingSourceObject: {fileID: 0}
  m_PrefabInstance: {fileID: 0}
  m_PrefabAsset: {fileID: 0}
  m_GameObject: {fileID: 1755312642444111036}
  m_Enabled: 1
  m_EditorHideFlags: 0
  m_Script: {fileID: 11500000, guid: 5b8e57d7130d1814495abd3ad99f6818, type: 3}
  m_Name: 
  m_EditorClassIdentifier: 
  showTriggerInterface: 0
  IsDisabled: 0
  name: 
  MaxActivationTimes: 0
  EventSource: {fileID: 0}
  StringParameter: 
  FloatParameter: 0
  ignoreDisabled: 0
  showGenericEventTrigger: 1
  EventName: SectionProximity
  EventParameter: Next
  EventNumber: 0
--- !u!114 &5708305264922605183
MonoBehaviour:
  m_ObjectHideFlags: 0
  m_CorrespondingSourceObject: {fileID: 0}
  m_PrefabInstance: {fileID: 0}
  m_PrefabAsset: {fileID: 0}
  m_GameObject: {fileID: 1755312642444111036}
  m_Enabled: 1
  m_EditorHideFlags: 0
  m_Script: {fileID: 11500000, guid: b0e23f5672a5b4a87972ddc14038ab70, type: 3}
  m_Name: 
  m_EditorClassIdentifier: 
  OnEnter: {fileID: 5601697325442794586}
  EnterAndExitExclusive: 0
  OnExit: {fileID: 0}
  FilterLayer:
    serializedVersion: 2
    m_Bits: 256
  TargetOnEnter: {fileID: 0}
  TargetOnExit: {fileID: 0}
--- !u!61 &4893553490436941353
BoxCollider2D:
  m_ObjectHideFlags: 0
  m_CorrespondingSourceObject: {fileID: 0}
  m_PrefabInstance: {fileID: 0}
  m_PrefabAsset: {fileID: 0}
  m_GameObject: {fileID: 1755312642444111036}
  m_Enabled: 1
  m_Density: 1
  m_Material: {fileID: 0}
  m_IsTrigger: 1
  m_UsedByEffector: 0
  m_UsedByComposite: 0
  m_Offset: {x: 0, y: 0}
  m_SpriteTilingProperty:
    border: {x: 0, y: 0, z: 0, w: 0}
    pivot: {x: 0, y: 0}
    oldSize: {x: 0, y: 0}
    newSize: {x: 0, y: 0}
    adaptiveTilingThreshold: 0
    drawMode: 0
    adaptiveTiling: 0
  m_AutoTiling: 0
  serializedVersion: 2
  m_Size: {x: 10, y: 10}
  m_EdgeRadius: 0
--- !u!114 &9093080855890785509
MonoBehaviour:
  m_ObjectHideFlags: 0
  m_CorrespondingSourceObject: {fileID: 0}
  m_PrefabInstance: {fileID: 0}
  m_PrefabAsset: {fileID: 0}
  m_GameObject: {fileID: 1755312642444111036}
  m_Enabled: 1
  m_EditorHideFlags: 0
  m_Script: {fileID: 11500000, guid: 2ee1b699fb6f3044db41e563067b93e6, type: 3}
  m_Name: 
  m_EditorClassIdentifier: 
  showTriggerInterface: 0
  IsDisabled: 0
  name: 
  MaxActivationTimes: 0
  EventSource: {fileID: 0}
  StringParameter: 
  FloatParameter: 0
  ignoreDisabled: 0
  TheFunctions:
    m_PersistentCalls:
      m_Calls:
      - m_Target: {fileID: 0}
        m_MethodName: 
        m_Mode: 1
        m_Arguments:
          m_ObjectArgument: {fileID: 0}
          m_ObjectArgumentAssemblyTypeName: 
          m_IntArgument: 0
          m_FloatArgument: 0
          m_StringArgument: 
          m_BoolArgument: 0
        m_CallState: 2
--- !u!114 &5601697325442794586
MonoBehaviour:
  m_ObjectHideFlags: 0
  m_CorrespondingSourceObject: {fileID: 0}
  m_PrefabInstance: {fileID: 0}
  m_PrefabAsset: {fileID: 0}
  m_GameObject: {fileID: 1755312642444111036}
  m_Enabled: 1
  m_EditorHideFlags: 0
  m_Script: {fileID: 11500000, guid: 107eb833122e64684bdb683e0452051f, type: 3}
  m_Name: 
  m_EditorClassIdentifier: 
  showTriggerInterface: 0
  IsDisabled: 0
  name: 
  MaxActivationTimes: 0
  EventSource: {fileID: 0}
  StringParameter: 
  FloatParameter: 0
  ignoreDisabled: 0
  showGroupTrigger: 1
  Triggers:
  - {fileID: 9093080855890785509}
  - {fileID: 5473080172904558991}
