%YAML 1.1
%TAG !u! tag:unity3d.com,2011:
--- !u!1 &608097167883283002
GameObject:
  m_ObjectHideFlags: 0
  m_CorrespondingSourceObject: {fileID: 0}
  m_PrefabInstance: {fileID: 0}
  m_PrefabAsset: {fileID: 0}
  serializedVersion: 6
  m_Component:
  - component: {fileID: 122532812738392911}
  - component: {fileID: 3860454167622923488}
  m_Layer: 0
  m_Name: PreviousInventoryQuantity (7)
  m_TagString: Untagged
  m_Icon: {fileID: 0}
  m_NavMeshLayer: 0
  m_StaticEditorFlags: 0
  m_IsActive: 1
--- !u!4 &122532812738392911
Transform:
  m_ObjectHideFlags: 0
  m_CorrespondingSourceObject: {fileID: 0}
  m_PrefabInstance: {fileID: 0}
  m_PrefabAsset: {fileID: 0}
  m_GameObject: {fileID: 608097167883283002}
  m_LocalRotation: {x: -0, y: -0, z: -0, w: 1}
  m_LocalPosition: {x: 0, y: 0, z: 0}
  m_LocalScale: {x: 1, y: 1, z: 1}
  m_Children: []
  m_Father: {fileID: 8226159763987440170}
  m_RootOrder: 1
  m_LocalEulerAnglesHint: {x: 0, y: 0, z: 0}
--- !u!114 &3860454167622923488
MonoBehaviour:
  m_ObjectHideFlags: 0
  m_CorrespondingSourceObject: {fileID: 0}
  m_PrefabInstance: {fileID: 0}
  m_PrefabAsset: {fileID: 0}
  m_GameObject: {fileID: 608097167883283002}
  m_Enabled: 1
  m_EditorHideFlags: 0
  m_Script: {fileID: 11500000, guid: d50ab9a149c534d30807607e1b1d53f2, type: 3}
  m_Name: 
  m_EditorClassIdentifier: 
  Name: SilverKey Inicial
  type: 1
  OnChangeTrigger: {fileID: 0}
--- !u!1 &890283730250460173
GameObject:
  m_ObjectHideFlags: 0
  m_CorrespondingSourceObject: {fileID: 0}
  m_PrefabInstance: {fileID: 0}
  m_PrefabAsset: {fileID: 0}
  serializedVersion: 6
  m_Component:
  - component: {fileID: 8226159763987440170}
  - component: {fileID: 7723319609282961825}
  m_Layer: 0
  m_Name: SilverKey
  m_TagString: Untagged
  m_Icon: {fileID: 0}
  m_NavMeshLayer: 0
  m_StaticEditorFlags: 0
  m_IsActive: 1
--- !u!4 &8226159763987440170
Transform:
  m_ObjectHideFlags: 0
  m_CorrespondingSourceObject: {fileID: 0}
  m_PrefabInstance: {fileID: 0}
  m_PrefabAsset: {fileID: 0}
  m_GameObject: {fileID: 890283730250460173}
  m_LocalRotation: {x: 0, y: 0, z: 0, w: 1}
  m_LocalPosition: {x: 0, y: 0, z: 0}
  m_LocalScale: {x: 1, y: 1, z: 1}
  m_Children:
  - {fileID: 2925780046320787430}
  - {fileID: 122532812738392911}
  - {fileID: 3592770890387673463}
  m_Father: {fileID: 0}
  m_RootOrder: 0
  m_LocalEulerAnglesHint: {x: 0, y: 0, z: 0}
--- !u!114 &7723319609282961825
MonoBehaviour:
  m_ObjectHideFlags: 0
  m_CorrespondingSourceObject: {fileID: 0}
  m_PrefabInstance: {fileID: 0}
  m_PrefabAsset: {fileID: 0}
  m_GameObject: {fileID: 890283730250460173}
  m_Enabled: 1
  m_EditorHideFlags: 0
  m_Script: {fileID: 11500000, guid: 6664960414996488da7b2a4c78f63939, type: 3}
  m_Name: 
  m_EditorClassIdentifier: 
  showTriggerInterface: 0
  IsDisabled: 0
  name: 
  MaxActivationTimes: 0
  EventSource: {fileID: 0}
  StringParameter: 
  FloatParameter: 0
  ignoreDisabled: 0
  showChanceTrigger: 1
  TriggerToFire: {fileID: 3064256038598511196}
  Chances: 75
--- !u!1 &3003948140438893207
GameObject:
  m_ObjectHideFlags: 0
  m_CorrespondingSourceObject: {fileID: 0}
  m_PrefabInstance: {fileID: 0}
  m_PrefabAsset: {fileID: 0}
  serializedVersion: 6
  m_Component:
  - component: {fileID: 3592770890387673463}
  - component: {fileID: 6232046515184443925}
  m_Layer: 0
  m_Name: NewInventoryQuantity (7)
  m_TagString: Untagged
  m_Icon: {fileID: 0}
  m_NavMeshLayer: 0
  m_StaticEditorFlags: 0
  m_IsActive: 1
--- !u!4 &3592770890387673463
Transform:
  m_ObjectHideFlags: 0
  m_CorrespondingSourceObject: {fileID: 0}
  m_PrefabInstance: {fileID: 0}
  m_PrefabAsset: {fileID: 0}
  m_GameObject: {fileID: 3003948140438893207}
  m_LocalRotation: {x: -0, y: -0, z: -0, w: 1}
  m_LocalPosition: {x: 0, y: 0, z: 0}
  m_LocalScale: {x: 1, y: 1, z: 1}
  m_Children: []
  m_Father: {fileID: 8226159763987440170}
  m_RootOrder: 2
  m_LocalEulerAnglesHint: {x: 0, y: 0, z: 0}
--- !u!114 &6232046515184443925
MonoBehaviour:
  m_ObjectHideFlags: 0
  m_CorrespondingSourceObject: {fileID: 0}
  m_PrefabInstance: {fileID: 0}
  m_PrefabAsset: {fileID: 0}
  m_GameObject: {fileID: 3003948140438893207}
  m_Enabled: 1
  m_EditorHideFlags: 0
  m_Script: {fileID: 11500000, guid: d50ab9a149c534d30807607e1b1d53f2, type: 3}
  m_Name: 
  m_EditorClassIdentifier: 
  Name: SilverKey Final
  type: 1
  OnChangeTrigger: {fileID: 0}
--- !u!1 &7769010142909103932
GameObject:
  m_ObjectHideFlags: 0
  m_CorrespondingSourceObject: {fileID: 0}
  m_PrefabInstance: {fileID: 0}
  m_PrefabAsset: {fileID: 0}
  serializedVersion: 6
  m_Component:
  - component: {fileID: 2925780046320787430}
  - component: {fileID: 3064256038598511196}
  - component: {fileID: 2634811700956125917}
  - component: {fileID: 3614752310787119086}
  - component: {fileID: 2039663925677866464}
  - component: {fileID: 5932420596172262228}
  - component: {fileID: 3299732047064823610}
  - component: {fileID: 194405236818891183}
  m_Layer: 0
  m_Name: SpawnLootFeedback (7)
  m_TagString: Untagged
  m_Icon: {fileID: 0}
  m_NavMeshLayer: 0
  m_StaticEditorFlags: 0
  m_IsActive: 1
--- !u!4 &2925780046320787430
Transform:
  m_ObjectHideFlags: 0
  m_CorrespondingSourceObject: {fileID: 0}
  m_PrefabInstance: {fileID: 0}
  m_PrefabAsset: {fileID: 0}
  m_GameObject: {fileID: 7769010142909103932}
  m_LocalRotation: {x: -0, y: -0, z: -0, w: 1}
  m_LocalPosition: {x: -21.762968, y: -16.06269, z: 0}
  m_LocalScale: {x: 1, y: 1, z: 1}
  m_Children: []
  m_Father: {fileID: 8226159763987440170}
  m_RootOrder: 0
  m_LocalEulerAnglesHint: {x: 0, y: 0, z: 0}
--- !u!114 &3064256038598511196
MonoBehaviour:
  m_ObjectHideFlags: 0
  m_CorrespondingSourceObject: {fileID: 0}
  m_PrefabInstance: {fileID: 0}
  m_PrefabAsset: {fileID: 0}
  m_GameObject: {fileID: 7769010142909103932}
  m_Enabled: 1
  m_EditorHideFlags: 0
  m_Script: {fileID: 11500000, guid: 107eb833122e64684bdb683e0452051f, type: 3}
  m_Name: 
  m_EditorClassIdentifier: 
  showTriggerInterface: 1
  IsDisabled: 0
  name: Got loot trigger
  MaxActivationTimes: 0
  EventSource: {fileID: 0}
  StringParameter: 
  FloatParameter: 0
  ignoreDisabled: 0
  showGroupTrigger: 1
  Triggers:
  - {fileID: 2039663925677866464}
  - {fileID: 3614752310787119086}
  - {fileID: 5932420596172262228}
  - {fileID: 194405236818891183}
  - {fileID: 2634811700956125917}
--- !u!114 &2634811700956125917
MonoBehaviour:
  m_ObjectHideFlags: 0
  m_CorrespondingSourceObject: {fileID: 0}
  m_PrefabInstance: {fileID: 0}
  m_PrefabAsset: {fileID: 0}
  m_GameObject: {fileID: 7769010142909103932}
  m_Enabled: 1
  m_EditorHideFlags: 0
  m_Script: {fileID: 11500000, guid: 5b8e57d7130d1814495abd3ad99f6818, type: 3}
  m_Name: 
  m_EditorClassIdentifier: 
  showTriggerInterface: 0
  IsDisabled: 0
  name: 'Generic Event Loot '
  MaxActivationTimes: 0
  EventSource: {fileID: 0}
  StringParameter: 
  FloatParameter: 0
  ignoreDisabled: 0
  showGenericEventTrigger: 1
  EventName: Loot
  EventParameter: SilverKey
  EventNumber: 0
--- !u!114 &3614752310787119086
MonoBehaviour:
  m_ObjectHideFlags: 0
  m_CorrespondingSourceObject: {fileID: 0}
  m_PrefabInstance: {fileID: 0}
  m_PrefabAsset: {fileID: 0}
  m_GameObject: {fileID: 7769010142909103932}
  m_Enabled: 1
  m_EditorHideFlags: 0
  m_Script: {fileID: 11500000, guid: 6b926dbbd6434674cb4e6fb43104e023, type: 3}
  m_Name: 
  m_EditorClassIdentifier: 
  showTriggerInterface: 0
  IsDisabled: 0
  name: Agrega Item al inventario
  MaxActivationTimes: 0
  EventSource: {fileID: 0}
  StringParameter: 
  FloatParameter: 0
  ignoreDisabled: 0
  inventory: {fileID: 11400000, guid: ae4865742e5cdf549a57277161901ba4, type: 2}
  Item: SilverKey
  Amount: 1
--- !u!114 &2039663925677866464
MonoBehaviour:
  m_ObjectHideFlags: 0
  m_CorrespondingSourceObject: {fileID: 0}
  m_PrefabInstance: {fileID: 0}
  m_PrefabAsset: {fileID: 0}
  m_GameObject: {fileID: 7769010142909103932}
  m_Enabled: 1
  m_EditorHideFlags: 0
  m_Script: {fileID: 11500000, guid: 7095db960ffb1684184af6bb28cbb225, type: 3}
  m_Name: 
  m_EditorClassIdentifier: 
  showTriggerInterface: 0
  IsDisabled: 0
  name: SilverKey Inicial
  MaxActivationTimes: 0
  EventSource: {fileID: 0}
  StringParameter: 
  FloatParameter: 0
  ignoreDisabled: 0
  inventory: {fileID: 11400000, guid: ae4865742e5cdf549a57277161901ba4, type: 2}
  Item: SilverKey
  Holder: {fileID: 608097167883283002}
  FromTarget: 0
  LabelData: SilverKey Inicial
--- !u!114 &5932420596172262228
MonoBehaviour:
  m_ObjectHideFlags: 0
  m_CorrespondingSourceObject: {fileID: 0}
  m_PrefabInstance: {fileID: 0}
  m_PrefabAsset: {fileID: 0}
  m_GameObject: {fileID: 7769010142909103932}
  m_Enabled: 1
  m_EditorHideFlags: 0
  m_Script: {fileID: 11500000, guid: 7095db960ffb1684184af6bb28cbb225, type: 3}
  m_Name: 
  m_EditorClassIdentifier: 
  showTriggerInterface: 0
  IsDisabled: 0
  name: SilverKey Final
  MaxActivationTimes: 0
  EventSource: {fileID: 0}
  StringParameter: 
  FloatParameter: 0
  ignoreDisabled: 0
  inventory: {fileID: 11400000, guid: ae4865742e5cdf549a57277161901ba4, type: 2}
  Item: SilverKey
  Holder: {fileID: 3003948140438893207}
  FromTarget: 0
  LabelData: SilverKey Final
--- !u!114 &3299732047064823610
MonoBehaviour:
  m_ObjectHideFlags: 0
  m_CorrespondingSourceObject: {fileID: 0}
  m_PrefabInstance: {fileID: 0}
  m_PrefabAsset: {fileID: 0}
  m_GameObject: {fileID: 7769010142909103932}
  m_Enabled: 1
  m_EditorHideFlags: 0
  m_Script: {fileID: 11500000, guid: 158407ed2c39442bb8990001446e02cd, type: 3}
  m_Name: 
  m_EditorClassIdentifier: 
  Name: SilverKey obtenido
  type: 1
  OnChangeTrigger: {fileID: 0}
  Left: {fileID: 3003948140438893207}
  LabelDataLeft: SilverKey Final
  DataFromTargetLeft: 0
  operation: 1
  Right: {fileID: 608097167883283002}
  LabelDataRight: SilverKey Inicial
  DataFromTargetRight: 0
--- !u!114 &194405236818891183
MonoBehaviour:
  m_ObjectHideFlags: 0
  m_CorrespondingSourceObject: {fileID: 0}
  m_PrefabInstance: {fileID: 0}
  m_PrefabAsset: {fileID: 0}
  m_GameObject: {fileID: 7769010142909103932}
  m_Enabled: 1
  m_EditorHideFlags: 0
  m_Script: {fileID: 11500000, guid: d35f1534c86445d4b87f0c0c4d399ca8, type: 3}
  m_Name: 
  m_EditorClassIdentifier: 
  showTriggerInterface: 0
  IsDisabled: 0
  name: SilverKey obtenido
  MaxActivationTimes: 0
  EventSource: {fileID: 0}
  StringParameter: 
  FloatParameter: 0
  ignoreDisabled: 0
  genericEventTrigger: {fileID: 2634811700956125917}
  Holder: {fileID: 7769010142909103932}
  FromTarget: 0
  LabelData: SilverKeyobtenido
